3810 5602
261 275 340 336 reas
731 265 877 338 auodffl·
897 262 1328 342 aenean-titur)
1724 275 1806 334 reoo

257 437 362 510 reliqua
379 437 437 492 eius
455 435 570 493 consilia
587 437 681 494 animo
697 437 947 510 circumspiciebat:
963 437 1007 494 VI
1052 437 1172 493 nitiones
1189 439 1210 508 i
1227 436 1364 493 uidebant
1382 438 1434 508 (ar
1451 437 1592 493 habebant
1604 437 1726 503 Hotom.;
1743 438 1805 502 Di„-

257 525 320 592 ii,ii;
334 539 403 596 quos
415 521 489 594 quod
503 523 657 594 adaequare
669 523 746 595 apud
761 524 907 580 Gaesarem
919 525 1010 596 gratia
1051 539 1080 578 u.
1096 523 1158 595 00)
1168 523 1316 594 perductas
1328 540 1363 578 ex
1374 523 1494 579 castellis
1507 523 1536 578 in
1549 523 1676 595 proxima
1684 524 1808 592 castella,

256 609 480 680 intellegebatur,
502 607 521 664 ii
545 610 606 680 (e),
629 610 676 681 qui
700 615 813 682 propter
830 615 937 666 ueteres
954 610 1008 666 ini·
1052 626 1088 665 ne
1111 626 1167 681 quo
1191 610 1296 682 (noque
1314 627 1347 675 a,-
1369 609 1444 680 quod
1468 625 1503 664 ne
1527 625 1583 679 quo
1605 609 1668 664 mn.
1687 609 1805 681 Hoffm.)

257 695 374 752 :uiuitisn
393 695 470 752 ntriio
489 695 571 751 modo
589 711 653 752 cum
665 695 793 752 Haeduis
810 695 942 767 coniungi
955 712 1003 768 po-
1051 694 1113 750 ioco
1143 699 1320 766 erumperent
1347 693 1511 765 Pompeiani
1542 710 1575 750 ac
1606 701 1714 750 nostros
1744 700 1808 767 post

256 787 360 848 terant,
387 797 417 837 se
441 781 534 836 iiemis
556 781 585 836 in
607 780 762 838 clientelam
790 781 922 838 dicabant
945 782 1008 852 (c):
1051 785 1162 852 tergum
1193 781 1365 836 adorirentur
1397 778 1557 851 (timebant
1586 781 1647 835 odd.
1673 798 1704 841 s,-
1743 781 1806 836 lim.

257 865 297 922 Vi
311 867 392 934 tat:
415 865 489 924 iruuc
512 883 576 922 oum
603 866 714 938 reliquis
733 867 814 923 rebus
837 867 930 924 iocum
948 883 1011 939 pro·
1053 866 1171 935 Hoffm.,·
1195 866 1244 920 det.
1262 865 1420 936 Faernus),
1445 867 1485 920 ita
1506 865 1548 920 ilii
1570 866 1699 921 interiore
1716 867 1806 937 spatio

257 951 335 1008 barat
357 952 501 1024 <probaret
527 953 578 1016 ΟΒ·
601 952 738 1024 probabat
761 949 817 1026 β),
839 958 900 1009 tum
926 954 1009 1024 (tune
1053 957 1200 1023 perpetuas
1231 952 1398 1008 munitiones
1424 951 1594 1008 efficiebant:
1617 952 1644 1020 3,
1653 952 1736 1020 44,4;
1766 952 1806 1006 illi

256 1039 292 1107 α)
320 1039 393 1112 quod
420 1037 567 1110 superioris
594 1037 661 1093 anni
692 1039 861 1095 munitiones
888 1039 1011 1110 integrae
1054 1037 1184 1109 operibus
1212 1037 1375 1105 uincebant,
1401 1037 1476 1108 quod
1500 1042 1529 1093 et
1552 1054 1668 1092 numero
1684 1037 1806 1093 militum

256 1123 419 1192 clanabant,
444 1131 475 1182 ut
493 1124 614 1182 militum
634 1123 758 1180 laborem
777 1125 948 1181 subleuaret:
966 1125 1010 1180 VI
1056 1122 1236 1193 praestabant
1260 1128 1289 1179 et
1304 1123 1433 1178 interiore
1450 1122 1541 1194 spatio
1557 1123 1692 1178 minorem
1710 1123 1806 1178 circui·

255 1211 338 1278 aab:
357 1227 476 1282 quorum
488 1209 577 1278 alteri,
594 1209 669 1282 quod
683 1211 762 1267 nulio
777 1211 1011 1282 studioagebant,
1054 1213 1114 1264 tum
1139 1208 1280 1264 habebant
1303 1209 1346 1279 (a.
1375 1208 1449 1279 Otii:
1473 1210 1590 1277 3,4t‚a;
1618 1209 1727 1279 iamque
1750 1209 1807 1262 sru-

255 1311 310 1352 uou
342 1297 462 1354 muitum
493 1295 680 1366 adiuuabant,
709 1295 789 1354 alteri
818 1313 874 1352 non
901 1295 1010 1368 magnis
1054 1304 1149 1350 menta
1171 1299 1354 1350 maturescere
1378 1295 1548 1367 incipiebant
1565 1300 1649 1366 atque
1665 1293 1727 1364 ipsa
1743 1310 1806 1365 spes

255 1381 451 1452 facilitatibus,
481 1381 555 1456 quod
582 1382 683 1439 ciuitas
710 1388 770 1439 erat
795 1383 897 1456 exigua
917 1387 946 1438 et
968 1383 1010 1438 in·
1053 1380 1176 1452 inopiam
1194 1381 1378 1450 sustentabat,
1396 1382 1470 1453 quod
1483 1379 1806 1437 celeritersehabituros

256 1467 350 1536 iluna,
385 1467 508 1525 celeriter
537 1467 612 1540 quod
644 1468 803 1526 habuerunt
831 1485 1008 1540 consumpse
1052 1467 1163 1538 copiam
1185 1466 1376 1522 confidebant:
1399 1469 1425 1535 3,
1433 1469 1519 1536 49,1;
1545 1445 1722 1537 cogebantur⁴
1739 1466 1806 1522 (ior-

256 1561 333 1610 ruut:
359 1553 418 1610 Vll
431 1555 512 1622 iti:
539 1555 610 1610 ratio
636 1555 794 1626 perficiendi
820 1555 1011 1627 quaerebatur,
1052 1569 1118 1623 cyra
1136 1593 1143 1608 .
1163 1593 1169 1608 .
1189 1593 1195 1608 .
1215 1551 1351 1624 pabulum
1375 1559 1551 1625 supportare,
1572 1553 1703 1624 quodque
1721 1553 1805 1622 (ree.,·

257 1639 331 1712 quod
350 1639 492 1698 ciuitatem
511 1647 614 1697 temere
631 1640 666 1696 ad
684 1642 891 1714 susciplendum
904 1641 1009 1696 beilum
1052 1653 1163 1710 quoque
1173 1656 1206 1704 a‚·
1222 1638 1285 1709 m.)
1298 1644 1358 1693 erat
1368 1639 1427 1694 eius
1439 1641 1479 1695 rei
1491 1641 1582 1694 minor
1592 1639 1682 1709 copia,
1699 1638 1804 1692 hordeo

255 1725 356 1782 atiduei
375 1743 454 1800 persas
466 1741 524 1782 non
536 1725 726 1782 confidebant:
739 1727 895 1796 v1137‚6;
913 1733 946 1784 ut
960 1769 967 1784 .
981 1767 1008 1784 ..
1052 1724 1190 1796 adaugere
1213 1728 1297 1797 atque
1318 1725 1363 1780 his
1386 1726 1541 1780 rationibus
1562 1726 1718 1797 equitatum
1736 1724 1806 1778 tole·

254 1809 324 1868 iter.
339 1851 345 1868 .
360 1817 559 1880 manuteneret,
576 1813 604 1868 id
626 1815 672 1884 (e)
692 1829 727 1868 ne
740 1814 786 1883 (e)
800 1821 876 1870 metu
890 1817 935 1887 (e)
949 1815 1009 1887 qui·
1051 1827 1125 1865 rare:
1143 1812 1170 1879 3,
1179 1811 1264 1878 oa‚4;
1292 1813 1351 1866 eius
1375 1812 1491 1880 milites,
1517 1811 1592 1883 quod
1610 1811 1646 1867 ab
1664 1826 1745 1882 opere
1762 1810 1806 1864 in·

254 1896 317 1954 dem
337 1899 490 1954 rrmoeaario
502 1897 664 1956 faciundum
677 1902 724 1970 (e)
738 1899 926 1968 existimabat,
943 1917 1008 1958 cum
1051 1896 1135 1968 :egris
1153 1897 1356 1953 munitionibus
1373 1897 1530 1966 necabant,
1551 1897 1598 1952 alii
1616 1897 1741 1968 lignandi
1757 1913 1806 1967 pa·

254 1981 327 2054 quani
351 1984 475 2054 <diepam
496 2001 548 2042 orsa
567 1984 609 2046 X:
633 1985 708 2056 eta>
729 1987 844 2042 infamia
866 1993 951 2060 atque
967 1988 1008 2043 in-
1052 1982 1224 2054 bulandique
1240 1999 1326 2038 eausa
1343 1983 1452 2055 longius
1471 1983 1733 2056 progrediebantur,
1750 1984 1807 2053 alii,

254 2067 375 2140 dignitas
393 2071 431 2126 rei
449 2075 477 2126 et
489 2071 635 2144 oppositus
648 2087 728 2127 mona
741 2071 873 2128 Cebenna
886 2073 1009 2128 uiarum·
1051 2069 1125 2140 quod
1150 2069 1279 2141 (aliquod
1296 2069 1339 2135 ist,-
1363 2069 1468 2140 aliquot
1484 2070 1516 2140 f>
1543 2069 1637 2124 subito
1659 2069 1805 2124 consilium

254 2171 309 2226 que
331 2155 481 2212 difficultas
503 2155 686 2228 impediebat,
710 2163 770 2214 tum
795 2160 916 2214 maxime
933 2158 1008 2231 quod
1051 2155 1227 2226 profectionis
1249 2161 1378 2228 ceperant
1396 2157 1473 2227 (-rat
1490 2155 1579 2226 Paul)
1608 2171 1711 2226 magna
1727 2160 1807 2225 parte

254 2239 386 2298 uiliuueto
405 2243 417 2312 <
437 2243 450 2312 >
471 2241 594 2298 labieno
614 2249 698 2316 atque
722 2285 728 2299 .
748 2285 755 2300 .
773 2244 929 2316 legionibus
947 2287 955 2302 .
973 2287 1006 2302 ..
1051 2241 1312 2312 impedimentorum
1331 2248 1360 2298 et
1377 2243 1547 2298 sarcinamm
1565 2241 1669 2306 relicta,
1688 2241 1805 2296 adhaec

254 2327 431 2384 uehementer
460 2326 589 2384 liniebat:
612 2327 672 2384 v11
682 2331 763 2398 aas:
790 2331 864 2402 quod
891 2332 921 2386 in
943 2349 1007 2388 cou-
1051 2328 1200 2398 repetenda
1241 2327 1354 2384 inuitati
1388 2329 1595 2400 propinquitate
1629 2329 1804 2398 superiorum

253 2419 349 2484 spreetu
374 2413 500 2470 omnium
527 2429 569 2470 rea
592 2415 739 2486 gerebatur
762 2433 852 2490 neque
869 2423 942 2474 recte
958 2423 1009 2475 aut
1050 2419 1233 2470 castrorum.
1257 2455 1264 2470 .
1291 2457 1299 2470 .
1321 2415 1429 2470 uallum
1458 2415 1664 2486 relinquebant:
1687 2415 1714 2482 3,
1723 2415 1805 2481 ⁷⁶³2:

254 2499 301 2570 <ol
321 2499 440 2572 turpiter
459 2499 566 2556 factum
588 2502 635 2572 (e)
653 2501 736 2556 celari
760 2507 869 2574 poterat
887 2501 935 2578 (βς
953 2521 1007 2558 ossa
1052 2515 1085 2555 ac
1102 2499 1159 2554 iam
1177 2501 1272 2555 animo
1288 2501 1436 2556 uictoriam
1450 2501 1666 2572 praecipiebant,
1683 2499 1759 2570 quod
1770 2498 1806 2554 de

253 2585 300 2648 oti,
318 2589 452 2658 utrosque
469 2593 499 2642 et
516 2585 610 2644 laudis
628 2587 767 2660 cupiditas
784 2595 813 2644 et
830 2589 913 2645 timor
929 2589 1007 2661 igno-
1050 2601 1080 2640 re
1099 2591 1181 2641 tanta
1197 2591 1226 2640 et
1243 2603 1262 2641 a
1272 2592 1331 2642 tam
1345 2588 1433 2658 perito
1446 2588 1611 2658 imperatore
1621 2585 1691 2640 nihii
1703 2585 1806 2639 frustra

253 2669 354 2727 uriuiae
379 2671 415 2728 ad
443 2673 578 2728 tristatam
604 2673 744 2730 excitabat
770 2675 831 2745 (e>:
855 2675 916 2732 VII
925 2677 1007 2744 80,b;
1053 2671 1212 2727 confirmari
1231 2671 1804 2744 uidebaturze,8t‚t;qui(mi1itesiuim

253 2755 320 2812 baeu
346 2755 484 2830 Scipionis
510 2759 615 2826 oratio,
643 2760 718 2832 quod
746 2765 860 2817 senatus
887 2761 917 2816 in
939 2763 1008 2818 urbe
1051 2773 1180 2826 suorum,
1209 2759 1284 2829 quod
1308 2761 1373 2830 (qni
1394 2759 1431 2830 O)
1455 2759 1485 2814 in
1509 2759 1594 2814 simili
1610 2757 1695 2829 culpa
1710 2774 1805 2812 uersa·

253 2841 408 2899 labebatur
430 2843 636 2916 Pompeiusque
661 2846 757 2902 aderat
783 2847 896 2917 (abana
924 2847 1007 2912 Viet.,·
1050 2843 1167 2911 bantur,
1196 2844 1249 2916 ipsi
1272 2862 1324 2916 pro
1347 2862 1399 2901 suo
1421 2845 1543 2918 periculo
1560 2844 1758 2900 defendebant:
1777 2845 1804 2913 3,

254 2927 334 2996 tion,
351 2945 386 2986 ea
403 2929 491 3002 ipsius
509 2945 556 2986 ore
574 2929 691 3003 Pompei
709 2931 783 2988 mitti
802 2933 963 2990 uidebatur:
982 2935 1008 3002 l,
1051 2930 1145 2997 110,t.

252 3015 316 3078 tii:
346 3031 402 3088 qua
431 3015 524 3072 fauces
552 3023 632 3072 erant
658 3019 872 3090 mgtaumtmae
905 3025 1008 3092 portus,
1086 3017 1803 3088 e)ppt.:omniadeennt,quae...eran:(e)

253 3099 340 3156 ardea
361 3109 445 3174 atque
468 3117 596 3174 amram
618 3102 654 3159 ab
676 3110 800 3176 utraque
823 3111 902 3178 parte
919 3105 1008 3160 litoris
1051 3104 1115 3158 naui
1135 3105 1200 3172 (o),
1221 3109 1251 3158 et
1274 3103 1349 3174 quod
1372 3103 1502 3158 omnibus
1525 3102 1672 3158 constabat
1689 3102 1805 3157 hiemari

253 3185 383 3249 iaciebat,
400 3187 475 3260 qued
493 3188 536 3244 bis
555 3187 624 3244 loeis
641 3197 700 3246 era:
717 3189 854 3246 uadosnm
873 3206 961 3246 mare:
981 3191 1011 3260 1,
1052 3190 1098 3259 (e)
1124 3188 1153 3243 in
1173 3189 1267 3246 Gallia
1289 3195 1429 3261 oporte-e,
1452 3191 1622 3244 fulmentum
1646 3188 1689 3242 bia
1707 3188 1737 3241 in
1755 3187 1803 3257 (o)

252 3271 338 3335 iao:
355 3271 431 3344 quod
448 3272 505 3328 illis
523 3273 668 3346 probibere
684 3275 913 3332 eratfacilecum
929 3277 1007 3346 (tum
1051 3274 1119 3330 locis
1142 3275 1171 3329 in
1195 3275 1315 3330 hiemem
1332 3276 1476 3346 prouisum
1502 3291 1559 3329 non
1576 3279 1647 3328 erat:
1666 3272 1804 3340 lviiii:

256 3359 293 3412 (n
318 3358 405 3430 ipsius
428 3359 551 3416 fluminis
578 3367 679 3416 natura
696 3367 780 3433 atque
797 3376 885 3432 aquae
902 3360 1009 3432 magni·
1050 3375 1086 3416 ea
1108 3359 1210 3431 quibus
1232 3361 1426 3433 (principibus)
1450 3377 1615 3432 perpaueoe,
1638 3375 1756 3430 quorum
1774 3359 1804 3412 in

253 3443 363 3511 tudine,
389 3451 450 3502 tuus
475 3463 543 3516 quea.
565 3447 613 3514 osi
636 3447 712 3520 qnod
733 3463 768 3502 ex
791 3445 859 3502 totis
884 3445 951 3517 ripis
975 3446 1005 3500 in
1050 3446 1184 3500 aelidem
1203 3453 1391 3518 perspexerat,
1406 3446 1560 3520 relinquere
1576 3447 1605 3500 in
1623 3444 1726 3511 Gallia,
1742 3443 1805 3498 reli·

252 3545 340 3586 rrnuau
358 3535 443 3602 atque
460 3537 612 3604 nugaretum
631 3531 724 3587 iocum
742 3531 800 3587 tela
817 3531 1006 3588 iaciebantur:
1050 3549 1121 3604 quoe
1149 3531 1278 3588 obsidum
1305 3531 1367 3588 loco
1393 3549 1486 3587 meum
1512 3532 1613 3587 ducere
1637 3531 1805 3597 decreuerat,

252 3616 368 3676 betti:
397 3617 499 3672 t‘aesar
525 3617 560 3672 iis
587 3617 763 3684 ciuitatibus,
789 3634 862 3690 quae
887 3619 924 3673 ad
947 3619 1008 3674 dus
1050 3617 1142 3690 quod,
1164 3635 1229 3673 cum
1246 3618 1309 3689 ipae
1325 3618 1450 3686 abesset,
1473 3625 1581 3673 motum
1599 3619 1709 3674 Galliae
1726 3634 1803 3673 nere

251 3701 403 3756 amicitiam
421 3708 601 3770 amant,
618 3703 693 3775 quod
710 3704 833 3774 (eka,-
849 3720 905 3774 quo
916 3705 1006 3772 codd>
1050 3705 1146 3760 batur:
1169 3705 1274 3770 i'b,t;
1301 3705 1424 3771 viana
1445 3721 1472 3759 a.
1491 3706 1546 3774 tit:
1572 3706 1631 3776 ipse
1654 3703 1804 3775 Pompeius

253 3787 344 3842 missor
359 3794 418 3844 erat
437 3787 568 3844 frumenti
585 3789 679 3860 copia,
695 3805 781 3860 pecua
797 3789 966 3861 imperabat:
978 3791 1005 3858 1,
1052 3791 1090 3846 ab
1107 3791 1227 3846 inimicia
1239 3791 1365 3846 Caesada
1382 3789 1514 3845 incitatam
1530 3797 1559 3846 et
1576 3791 1651 3862 quod
1663 3791 1802 3846 neminem

252 3873 336 3933 bit:
353 3872 402 3928 aad
419 3871 494 3930 bunc
512 3874 634 3932 latitarem
653 3875 797 3930 recreabat
814 3891 915 3937 nemo,
931 3876 1008 3948 quod
1049 3877 1187 3948 dignitate
1212 3892 1306 3931 mum
1332 3876 1480 3947 exaequari
1502 3876 1631 3944 nolebat,
1657 3883 1748 3932 totum
1773 3893 1804 3931 sc

252 3973 317 4014 earu:
334 3959 460 4016 :minium
478 3959 607 4016 tabuuu
624 3960 712 4015 tinem
730 3961 789 4016 fore
799 3961 1008 4030 existimabant,
1050 3963 1087 4019 ab
1110 3964 1170 4018 eires
1187 3961 1312 4018 amicitia
1328 3970 1479 4016 auerterat:
1497 3963 1523 4028 1,
1532 3963 1598 4028 M:
1624 3963 1726 4018 Caesar
1742 4002 1749 4016 .
1767 4003 1803 4017 ..

252 4043 406 4100 dbtutesu
425 4045 532 4101 tlibero
555 4046 742 4102 muniades
759 4089 766 4101 .
785 4087 793 4102 .
810 4086 818 4100 .
836 4045 1004 4118 potuissent:
1049 4049 1231 4106 eonstituerat
1255 4047 1362 4103 nullam
1387 4056 1495 4119 partem
1519 4047 1585 4102 belli
1609 4049 1638 4104 in
1657 4049 1804 4120 Hispania

252 4131 370 4190 ame:
397 4131 421 4188 ei
445 4147 525 4188 moras
541 4141 600 4188 erat
619 4132 824 4197 ascendendus,
849 4131 930 4188 facile
945 4133 1007 4204 ipsa
1049 4135 1220 4206 relinquere,
1242 4133 1315 4204 qnod
1340 4149 1443 4204 magna
1458 4151 1520 4190 esee
1536 4135 1652 4206 Pompei
1670 4133 1804 4190 benefida

253 4215 305 4272 tet
323 4224 422 4274 natura
440 4217 594 4289 &mersium
612 4218 776 4290 repellebat,
793 4217 869 4290 quod
886 4235 921 4273 ex
939 4217 1007 4274 iocis
1049 4230 1077 4276 et
1095 4237 1213 4292 magnas
1229 4219 1372 4274 clientelas
1390 4219 1419 4273 in
1436 4219 1562 4275 citeriore
1578 4221 1723 4292 prouincia
1734 4221 1803 4274 sete

252 4301 440 4374 superscribes
457 4303 505 4377 qui
523 4312 729 4360 macescunt
747 4320 815 4358 suos
826 4305 1007 4360 mandentes
1050 4305 1111 4362 bat:
1130 4308 1208 4365 asa
1219 4307 1249 4367 i:
1275 4305 1407 4370 Rebilus,
1429 4304 1538 4376 legatus
1555 4307 1695 4374 Caesaris,
1718 4323 1802 4378 quem

253 4389 447 4462 pertractant:
471 4389 588 4454 iiiiii:
610 4391 718 4451 285&
736 4406 764 4445 a.
782 4389 809 4446 1.
827 4393 856 4446 1.
874 4391 911 4447 Δ.
927 4397 1005 4444 crta:
1049 4393 1136 4448 (bario
1152 4409 1248 4448 mum
1265 4407 1300 4446 ax
1318 4391 1414 4446 Sicilia
1430 4392 1558 4458 duent,
1574 4393 1649 4464 qnod
1667 4409 1802 4464 mapsam

252 4473 272 4530 ii
291 4477 349 4544 qui,
366 4474 415 4546 qui
433 4475 549 4532 quinem
566 4484 737 4546 asaperant.
753 4491 846 4546 ueque
858 4477 917 4532 arie
929 4493 1007 4534 eree·
1049 4477 1152 4534 batere
1174 4495 1258 4532 mum
1283 4478 1313 4532 in
1331 4493 1361 4534 re
1378 4478 1491 4532 militari
1509 4478 1629 4546 sciebat,
1645 4519 1654 4535 .
1673 4521 1680 4532 .
1697 4481 1802 4550 inquit:

252 4560 318 4616 :iem
347 4575 436 4630 usque
461 4559 490 4614 iu
517 4559 609 4616 tenu
634 4567 727 4616 tutum
750 4563 843 4618 referd
867 4570 1007 4634 puerant.
1049 4566 1170 4625 atta:
1188 4565 1263 4622 baie.
1279 4564 1354 4636 quod
1373 4563 1535 4618 menadine
1552 4565 1803 4622 minmcommoda

251 4645 326 4716 qussi
353 4654 413 4700 usa
438 4647 511 4700 ades
536 4647 662 4716 equitatu
685 4645 807 4702 basium
833 4649 1006 4704 dmumdata
1050 4651 1195 4711 metatur.
1222 4651 1355 4706 Fuluium
1375 4650 1540 4706 listumum
1563 4651 1718 4708 adiutorem
1736 4654 1802 4707 aab

253 4729 414 4788 metatur:
426 4731 545 4791 aits:
563 4731 712 4804 lempna
729 4733 803 4788 enim
822 4733 911 4806 puimo
927 4735 1005 4806 igne
1048 4738 1174 4792 miserat:
1186 4737 1304 4795 fam:
1326 4739 1436 4806 ,eastrai
1449 4736 1598 4807 Pompeias
1615 4752 1800 4811 occupamt

252 4833 317 4872 rans
333 4817 393 4870 ene
409 4815 566 4874 omilium.
582 4817 658 4890 quud
676 4818 788 4874 dinem
798 4819 835 4874 ab
847 4835 881 4874 ea
892 4821 1004 4892 witino
1047 4832 1075 4878 et
1093 4823 1169 4893 qued
1185 4839 1219 4878 eo
1237 4823 1299 4878 lom
1316 4823 1410 4894 piures
1426 4830 1488 4877 erat
1507 4825 1627 4895 kgiones
1645 4827 1803 4894 habitarem,

253 4903 350 4958 itiam
366 4901 520 4974 putresca
539 4903 662 4963 abiciat.
679 4905 1004 4976 memorarem
1047 4909 1148 4964 reliano
1169 4908 1297 4962 interiore
1319 4908 1396 4962 nalio
1417 4909 1550 4964 maiorem
1573 4911 1710 4966 adies-uas
1733 4913 1801 4977 ,aa

253 4987 531 5060 messapiam
548 4989 1005 5058 &mensuratam-iil,
1046 4995 1146 5050 resena
1168 4996 1229 5048 itii
1248 4994 1446 5048 nummum:
1463 4995 1577 5053 &titia

252 5075 283 5134 t:
308 5086 338 5130 ut
363 5075 451 5130 matri
469 5076 534 5148 „qui
550 5077 611 5132 ait.
638 5075 758 5134 iamai
778 5088 925 5150 perpetuas
942 5095 1005 5134 aas·
1081 5081 1307 5154 papie-tam
1324 5079 1478 5150 att-pt:
1496 5081 1571 5151 qnod
1587 5083 1625 5136 ab
1642 5099 1697 5136 nan
1714 5085 1802 5140 null'n
