3810 5602
104 271 186 333 153⁷
464 265 512 338 qn
530 264 596 336 (vd)
616 265 669 338 (11·
689 270 715 323 1·
734 263 769 324 B·
788 267 821 336 bt
840 263 872 342 β)
891 265 947 335 αα)
965 265 1008 336 et
1025 263 1055 336 1)
1073 260 1224 342 tet—ott
1243 264 1293 366 dli
1568 271 1652 334 1538

98 436 129 491 in
155 436 307 508 longiorem
334 435 408 492 diem
432 437 595 492 conlaturus
623 437 721 493 fuisset
743 437 790 509 (o)
817 452 857 492 re-
899 451 955 508 que
977 437 1057 509 signs
1079 442 1228 494 seruarent
1253 438 1373 510 quodsi
1399 437 1655 510 6101111Ιῦ111-

98 527 339 594 praesenntmun
352 521 399 592 (o)
414 527 443 577 et
466 523 595 593 proxima
612 527 693 578 noete
706 563 712 578 .
726 527 858 578 ..centn
900 521 1036 593 quitatem
1065 523 1119 578 loui
1149 524 1274 590 timeret,
1302 523 1401 578 datum
1429 523 1463 578 lrl
1493 524 1551 595 <ο>
1581 524 1653 578 *ism

97 611 255 675 moturum,
278 612 310 662 ut
335 624 420 679 quem
440 607 562 679 primum
580 608 739 680 intellegere
754 614 857 680 posset,
901 609 1008 679 *nequo
1025 607 1087 664 loeo
1105 609 1248 681 pugnandi
1266 609 1442 665 facultatem:
1460 609 1537 677 1,71,
1548 609 1652 678 (2-)4;

98 697 197 748 utrum
213 695 290 765 apud
307 709 353 749 eos
371 694 462 766 pudor
478 698 564 765 etque
580 694 703 750 officium
717 710 754 750 un
772 695 857 751 timor
900 697 1053 748 metromm
1078 699 1174 750 sutem
1196 695 1315 750 mumtio
1338 693 1403 767 quid
1422 693 1508 749 hebet
1523 694 1578 748 nisi
1595 698 1653 749 tur·

98 779 163 851 plus
177 779 225 850 (e)
240 779 353 835 ualeret.
371 779 446 850 quod
464 781 488 834 si
506 785 646 851 praeterea
663 795 746 836 nemo
758 797 856 852 sequn-
898 793 960 849 pem
980 779 1077 849 fugem
1095 785 1124 834 st
1134 778 1353 852 desperationem
1372 778 1497 835 omnium
1510 784 1539 835 et
1551 779 1653 836 eliens·

97 869 155 932 tur,
172 871 269 920 tumen
286 881 316 920 se
333 881 397 920 oum
415 865 475 920 sols
492 865 597 921 decime
618 866 726 937 legione
737 867 856 921 iturum:
900 863 1004 919 tionem
1021 863 1177 920 exereitus?
1195 881 1261 920 nsm
1279 880 1369 936 neque
1385 864 1522 936 pudentes
1541 865 1588 936 <o>
1607 880 1653 920 su-

98 949 175 1017 140,
190 950 254 1020 (14.)
270 951 320 1016 15;
349 950 449 1006 debere
477 965 507 1006 se
536 951 670 1024 suspicari
701 952 857 1020 [Osessrenn
900 947 1000 1020 spicari
1022 954 1131 1021 oportet
1152 950 1205 1005 sibi
1227 967 1326 1022 perum
1353 949 1428 1006 credi
1445 966 1535 1023 neque
1551 951 1653 1022 impro-

99 1036 266 1103 exeroitum)
289 1075 295 1090 .
314 1075 321 1090 .
342 1075 348 1091 .
370 1034 414 1090 sui
439 1036 612 1108 opprimendi
639 1053 724 1092 censs
748 1038 857 1094 hebere.
900 1033 951 1089 bos
969 1035 1039 1090 seire
1055 1051 1114 1091 sese
1131 1035 1231 1105 dmeri,
1249 1036 1324 1108 quod
1342 1036 1397 1092 illis
1414 1036 1556 1092 lieentism
1569 1036 1654 1091 timor

98 1121 148 1192 qui
173 1121 227 1176 nisi
250 1121 365 1177 deusdet
386 1126 470 1192 atque
494 1124 647 1178 exereitum
674 1121 796 1179 deducat
821 1117 857 1179 e'x
901 1127 1003 1192 aegest
1031 1127 1137 1190 noster,
1166 1121 1210 1176 his
1238 1121 1331 1178 studls
1354 1121 1507 1178 deminuet
1530 1122 1604 1194 quod
1629 1122 1653 1176 si

97 1206 142 1262 his
166 1206 336 1278 regionibus,
365 1222 424 1262 sese
447 1206 553 1263 illum.
577 1249 584 1264 .
605 1249 612 1264 .
636 1225 686 1280 pro
709 1210 756 1280 (o)
779 1209 859 1266 hoste
901 1206 972 1274 iem,
989 1207 1090 1278 inquit,
1108 1207 1176 1264 iuteo
1194 1207 1340 1280 explorate
1355 1207 1518 1278 hubesmus,
1535 1206 1653 1280 qusede

97 1292 268 1348 habiturum.
299 1292 373 1363 quod
403 1292 428 1346 si
457 1309 521 1348 eum
548 1294 729 1363 interfecerit,
759 1296 856 1351 multis
900 1291 1039 1348 exereitus
1057 1293 1224 1350 alienatione
1241 1293 1382 1363 dicuntur,
1401 1298 1567 1364 ...quanto
1585 1294 1653 1349 hseo

98 1393 159 1434 sese
183 1379 324 1434 nobilibus
358 1378 585 1451 principibusque
611 1380 708 1452 populi
735 1380 855 1438 Romani
898 1377 1068 1433 dissImuInri
1086 1379 1133 1452 (e)
1152 1384 1181 1436 et
1202 1379 1335 1436 oonuliuri
1353 1395 1438 1451 quem
1456 1395 1509 1451 per
1524 1395 1576 1435 nos
1588 1395 1652 1436 oon·

97 1469 209 1536 gratum
236 1479 296 1520 esse
320 1464 461 1520 factumn
482 1495 517 1507 -
542 1465 572 1520 id
597 1483 627 1522 se
654 1467 690 1521 sb
712 1467 782 1538 ipsis
807 1483 857 1539 per
898 1463 1002 1518 firnari
1020 1467 1161 1537 praestet?
1179 1467 1312 1537 11111)
1321 1466 1347 1522 ὃ.

96 1565 194 1605 eorum
221 1551 335 1606 nuntios
358 1557 531 1623 oompertum
556 1552 657 1609 hebere
679 1585 712 1594 -
736 1571 855 1627 quorum
933 1551 979 1619 bb)
992 1551 1145 1618 quoduti:
1162 1552 1192 1607 hi
1209 1550 1518 1622 oonsusmdinepopnii
1530 1551 1652 1606 Romani

97 1636 224 1691 omnium
253 1637 370 1708 gretiam
398 1642 483 1709 etque
507 1639 658 1695 amicitiam
683 1640 745 1695 eins
767 1647 856 1697 morte
899 1635 961 1690 loos
975 1651 1081 1707 erpere,
1097 1642 1190 1692 ossus
1201 1639 1320 1706 munire,
1331 1635 1532 1693 oommestibus
1543 1643 1653 1693 nostros

98 1723 234 1778 redimere
255 1729 355 1795 posset
375 1723 491 1796 quodsi
509 1724 670 1781 deeeeeieeet
696 1723 781 1802 (θ’βς
799 1727 856 1783 dis·
900 1720 1085 1778 intercludere
1109 1723 1271 1780 instituunt
1295 1723 1370 1794 quod
1393 1722 1653 1779 1110111111εωὶ-

98 1809 226 1864 oessisset
243 1825 276 1877 α;
296 1810 369 1881 edd.)
388 1815 417 1866 et
434 1809 550 1865 liberem
569 1813 769 1882 possessionem
789 1813 857 1869 Gel-
900 1806 1053 1862 meduertit
1069 1823 1135 1864 sues
1154 1809 1248 1881 oopiss
1266 1814 1378 1882 propter
1395 1807 1577 1880 exiguitatem
1594 1825 1652 1864 non

98 1895 153 1950 liae
175 1894 227 1950 sibi
255 1895 428 1964 tradidisset,
455 1912 556 1968 magno
578 1913 608 1952 se
631 1897 712 1953 illum
734 1899 857 1970 praemio
899 1891 981 1948 facile
998 1893 1093 1950 diduci
1112 1896 1174 1967 (t),
1196 1895 1303 1950 hostem
1321 1899 1350 1949 et
1367 1895 1463 1966 uagari
1479 1899 1509 1950 et
1525 1896 1586 1950 ultis
1604 1895 1653 1950 ob·

97 1987 339 2037 remuneraturum
361 1987 392 2037 et
411 1997 602 2054 quaecumque
626 1983 699 2039 bellu
725 1985 782 2056 geri
799 1985 857 2040 uel-
899 1978 988 2035 sidere
1009 1985 1039 2036 st
1059 1983 1157 2036 osseis
1179 1981 1246 2036 setis
1268 1979 1396 2052 praesidii
1425 1979 1590 2052 relinquere,
1616 1981 1653 2037 ob

97 2067 149 2132 let,
177 2067 236 2122 sine
258 2067 318 2121 ullo
335 2066 395 2122 eius
413 2067 532 2123 labore.
559 2111 563 2122 .
588 2111 593 2123 .
617 2069 856 2127 nonfeotnrum21
899 2079 961 2119 eam
984 2081 1098 2122 eausam
1123 2067 1215 2122 miuus
1239 2065 1385 2122 dommodo
1401 2065 1573 2122 frumentum
1593 2107 1599 2122 .
1618 2108 1652 2123 ..

96 2153 142 2221 44,
156 2153 294 2222 (lo-nt
310 2153 357 2221 13;
392 2169 482 2225 neque
518 2171 548 2210 se
581 2154 704 2212 iudicare
733 2156 856 2213 Gallim
902 2152 1079 2222 supportari,
1102 2153 1130 2208 iu
1153 2153 1211 2208 dies
1233 2152 1356 2207 hostium
1378 2167 1526 2208 numerum
1549 2153 1653 2226 sugeri,

100 2238 195 2310 potius
229 2255 290 2294 esse
317 2239 452 2295 Ariouimi
487 2256 573 2312 quem
602 2240 700 2313 populi
728 2241 856 2298 Romani.
900 2253 958 2292 non
976 2239 1167 2294 onnotsudum
1179 2238 1358 2306 existimauit,
1375 2238 1442 2310 quin
1455 2239 1652 2311 pugnsdeoer·

100 2325 175 2380 bello
202 2329 345 2396 superatos
370 2341 431 2380 esse
456 2328 597 2382 Aruernos
617 2331 646 2381 et
668 2327 793 2383 Rutenos
819 2329 857 2385 sb
899 2327 984 2378 taret:
1003 2323 1202 2396 11128,(e.)7;
1227 2323 1351 2380 celeriter
1367 2340 1411 2380 res
1428 2323 1652 2392 administratum

98 2411 135 2479 Q.
162 2410 251 2467 Fsbio
283 2411 424 2478 Maximo,
460 2411 562 2483 quibus
596 2413 717 2484 populus
752 2414 857 2470 Rome·
899 2409 1025 2466 diuturni
1055 2411 1158 2469 laboris
1185 2411 1383 2466 detrimentum
1409 2410 1456 2481 (e)
1475 2409 1598 2466 sollertis
1623 2415 1653 2466 et

101 2513 157 2552 nus
182 2496 335 2568 ignouisset
357 2513 447 2569 neque
469 2498 499 2552 iu
516 2499 690 2570 prouinciam
707 2500 858 2574 redegisset
899 2497 1004 2554 uirtute
1027 2497 1150 2554 militum
1173 2497 1252 2553 breui
1274 2495 1467 2552 reoonolllslur
1495 2496 1652 2567 (reoonoim

99 2599 191 2654 neque
219 2582 390 2655 stipendium
417 2584 603 2657 imposuisset
630 2586 705 2656 quod
732 2587 756 2642 si
785 2587 856 2643 snti-
899 2589 983 2640 netur
1001 2584 1095 2656 Ain>3
1118 2587 1214 2656 portae
1236 2582 1339 2655 quibus
1357 2582 1425 2638 locis
1442 2580 1554 2637 uidetur
1571 2597 1652 2653 erup·

97 2669 267 2741 quissimum
294 2669 342 2740 (e)
369 2668 499 2742 quodque
526 2671 572 2742 (e)
599 2676 711 2743 tempus
737 2673 857 2745 spectari
899 2671 983 2727 tionis
1009 2687 1095 2727 osuss
1119 2671 1149 2726 ln
1176 2685 1257 2725 muro
1279 2669 1482 2740 relinquuntur.
1504 2667 1579 2739 quod
1602 2667 1650 2722 ubi

97 2759 256 2826 oporteret,
276 2755 373 2826 populi
391 2755 510 2811 Romani
528 2756 711 2814 iustissimum
728 2775 789 2816 esse
807 2761 855 2832 (e)
898 2757 992 2814 hostes
1018 2758 1150 2814 uiderunt
1172 2773 1219 2825 es,
1242 2771 1315 2828 quse
1332 2755 1381 2810 diu
1405 2755 1543 2826 longoque
1560 2755 1651 2824 spatio

96 2841 127 2896 in
155 2841 206 2912 (e)
231 2840 325 2897 Gellia
354 2842 401 2913 (e)
424 2841 570 2914 imperium
590 2843 653 2914 (e>;
681 2844 855 2902 siiudieinm
898 2845 972 2916 refiol
994 2861 1051 2900 non
1074 2860 1155 2917 posse
1178 2846 1351 2916 sperassent,
1374 2855 1526 2913 prunorum
1543 2840 1651 2896 dierum

99 2930 216 2983 senatus
234 2925 375 2982 obserumi
392 2933 539 3000 oporteret,
556 2929 671 2986 liberem
685 2929 786 2987 debere
796 2949 857 2988 esso
897 2947 982 3003 opere
999 2935 1028 2987 et
1045 2931 1139 2987 lsbore
1155 2931 1196 2986 its
1212 2929 1329 2998 misce,
1347 2933 1404 2984 ut.
1423 2969 1430 2984 .
1449 2967 1471 2995 .,
1488 2926 1523 2983 sd
1541 2926 1650 2982 easdem

98 3011 242 3080 Galliam,
260 3029 345 3085 quem
364 3055 371 3070 .
390 3055 397 3069 .
419 3014 501 3070 .suls
518 3015 627 3088 legibus
645 3017 688 3071 uti
705 3017 853 3075 uoluisset:
897 3017 1046 3075 deditionis
1072 3017 1248 3074 oondiolones
1274 3018 1435 3070 recurrunt:
1462 3014 1488 3082 2,
1497 3014 1600 3084 (15,4;)
1610 3014 1654 3080 16,

98 3097 282 3170 145,(1--)3;
309 3100 451 3156 ciuitatem
477 3117 537 3158 esse
563 3117 674 3158 omnem
703 3103 733 3157 in
760 3105 855 3173 annis,
896 3107 954 3162 1.3.

98 3184 225 3240 diuisum
260 3190 402 3255 senatum,
442 3186 566 3242 diuisum
602 3187 753 3259 populum,
788 3205 853 3245 sues
930 3191 969 3260 ii)
988 3205 1014 3247 e.
1033 3203 1152 3258 praep:
1177 3187 1389 3243 neumatum
1407 3201 1495 3257 nuper
1513 3185 1583 3256 (eius
1600 3186 1649 3240 ho

98 3271 235 3342 cuiusque
264 3288 359 3328 eorum
386 3272 527 3328 clientelas
554 3273 598 3343 (u.
630 3273 700 3344 00).
728 3275 802 3346 quod
829 3277 852 3332 si
895 3277 946 3333 stis
963 3276 1128 3349 perlouium)
1152 3275 1181 3330 in
1200 3273 1284 3330 Italis
1307 3272 1400 3328 seruili
1418 3272 1557 3339 tumultu,
1579 3287 1648 3343 qnos

97 3357 205 3412 dlutius
224 3357 316 3413 slutur
334 3357 534 3426 controuersia,
557 3358 626 3420 iore.
645 3359 687 3414 uti
705 3376 770 3431 pers
788 3377 853 3416 oum
895 3369 990 3418 temen
1014 3361 1120 3433 aliquid
1143 3377 1211 3416 usus
1229 3376 1262 3415 so
1279 3358 1425 3430 discipline
1443 3395 1449 3410 .
1468 3396 1475 3411 .
1494 3357 1648 3412 ,1111111111-

98 3447 180 3515 psrte
196 3442 319 3498 ciuitatis
336 3441 482 3515 oouiligst:
501 3443 656 3513 vnete,
675 3461 727 3500 sus
744 3447 773 3501 in
790 3447 853 3502 illos
896 3454 965 3505 rent
982 3465 1024 3505 ex
1042 3463 1109 3520 quo
1126 3446 1242 3502 indicari
1259 3461 1340 3517 posse
1358 3446 1467 3516 <positi
1485 3441 1544 3512 Χ),
1560 3459 1648 3514 qusn-

99 3529 200 3584 meritu
229 3529 360 3600 proponit
389 3529 598 3602 obtestaturque
628 3531 691 3602 (e),
724 3537 757 3587 nt
786 3548 854 3588 sune
895 3540 958 3590 tum
979 3533 1093 3590 heberet
1114 3533 1143 3587 in
1167 3548 1198 3587 se
1215 3531 1281 3588 boni
1299 3528 1468 3586 oonstsntisr
1488 3528 1646 3600 1401516.

98 3614 198 3670 salutis
221 3614 356 3672 rollonem
380 3614 503 3671 habeant
527 3633 582 3672 neu
600 3633 630 3672 se
648 3657 655 3673 .
674 3657 680 3673 .
700 3657 707 3672 .
725 3617 852 3673 hostibus
931 3615 984 3696 ββ)
1000 3620 1098 3690 pium
1116 3619 1259 3690 innubis
1278 3617 1328 3672 uix
1345 3630 1445 3688 agmen
1463 3615 1647 3670 nouissimum

100 3702 148 3772 (o)
172 3701 202 3755 in
227 3701 381 3757 cruciatum
404 3701 515 3758 dedant
539 3702 614 3774 quod
633 3703 697 3775 <qui
715 3699 750 3779 β)
769 3704 793 3759 si
810 3703 853 3758 iu·
895 3710 974 3762 extra
1000 3705 1168 3760 munitiones
1193 3708 1376 3776 prodessent,
1402 3717 1466 3757 oum
1494 3699 1571 3757 Gelli
1589 3742 1595 3756 .
1613 3741 1647 3757 ..

98 3787 288 3859 diligentiores
314 3787 433 3856 fuerint,
462 3788 541 3844 milis
569 3788 716 3844 hominum
747 3789 853 3846 delecte
895 3790 1000 3847 flumen
1017 3791 1134 3846 trunske
1150 3795 1179 3846 et
1195 3789 1292 3861 iniquo
1308 3790 1369 3844 loeo
1386 3785 1647 3858 eommittereproe·

98 3871 214 3928 LXXX
238 3874 286 3944 (o)
309 3889 367 3929 uns
385 3874 432 3945 (o)
451 3891 545 3931 seeum
571 3875 716 3932 interitum
739 3875 853 3931 demon·
895 3876 965 3932 lium
988 3892 1043 3932 non
1062 3875 1201 3931 dubitent
1220 3890 1307 3946 quse
1323 3875 1400 3930 fore
1417 3873 1576 3945 suspicatus
1594 3873 1647 3928 Ls·

97 3964 181 4016 sust:
199 3957 351 4026 v1171,e;
375 3959 495 4016 Romani
514 3977 582 4018 uero
599 3961 667 4033 quid
686 3961 853 4017 ...uolunt
896 3962 994 4018 bienus
1024 4002 1059 4018 ..
1084 4003 1091 4017 .
1118 3961 1214 4017 eedem
1244 3977 1313 4016 usus
1340 3959 1518 4015 simulatione
1543 3961 1648 4016 itineris

97 4045 152 4100 nisi
171 4089 176 4100 .
196 4089 202 4100 .
222 4089 228 4100 .
248 4060 317 4117 quos
341 4045 417 4102 tems
438 4047 545 4104 nobiles
570 4051 752 4120 potentesque
778 4048 852 4104 bello
895 4048 1004 4121 plsoide
1021 4047 1260 4121 progrediebatur:
1277 4045 1357 4114 V18,
1367 4047 1413 4115 (1.)
1422 4047 1448 4100 2.

97 4136 289 4204 eognouerunt
310 4171 317 4188 .
341 4173 348 4189 .
371 4173 378 4187 .
400 4132 443 4188 his
466 4139 605 4190 aeternnm
628 4133 775 4207 iniungere
798 4150 853 4190 ser·
930 4135 970 4202 Β)
993 4135 1112 4192 otioot:
1142 4133 1172 4190 hi
1194 4131 1312 4204 oognltis
1334 4130 1464 4188 omnibus
1486 4131 1569 4187 rebus
1588 4171 1595 4186 .
1614 4171 1646 4188 ..

97 4217 236 4274 trientem?
263 4233 353 4288 neque
378 4217 451 4273 enim
474 4237 607 4292 umquem
632 4220 679 4292 (o)
706 4221 762 4276 slis
787 4236 851 4277 oon·
895 4221 964 4277 huso
981 4222 1016 4277 ud
1030 4219 1194 4292 Pompeium
1212 4219 1307 4274 omnis
1323 4217 1485 4274 detulerunt
1503 4218 1559 4289 (o).
1578 4217 1646 4288 qui·

97 4303 206 4359 dicione
231 4301 306 4358 belle
331 4310 483 4373 gessmunt
509 4305 583 4377 qnod
605 4306 630 4362 si
652 4322 698 4374 ee,
724 4321 796 4378 quse
822 4307 850 4360 in
894 4307 959 4362 bus
990 4308 1038 4364 iile
1070 4306 1224 4379 cognitis
1258 4304 1464 4376 eruptionisque
1498 4305 1554 4358 ism
1583 4309 1648 4359 ante

97 4389 256 4461 longinquis
280 4388 443 4445 ustionibus
467 4397 613 4462 geruntur,
638 4393 786 4464 ignoretis,
809 4409 850 4449 re-
895 4397 978 4465 ospto
1001 4393 1142 4449 oonsilio.
1162 4407 1340 4464 ..aggerem
1363 4390 1441 4446 iubet
1462 4394 1645 4462 oomportsre:

97 4476 196 4549 spioite
219 4475 368 4530 finitimam
387 4475 524 4544 Gelliam,
548 4485 850 4550 quse...perpetus
893 4480 1125 4547 3,(61,3;)62,1;
1258 4475 1644 4549 1(quibusoonfootis:

97 4562 233 4635 premitur
255 4562 406 4618 seruitute:
430 4560 490 4618 VII
500 4562 542 4629 17,
551 4562 615 4632 (lb.)
625 4564 674 4630 163
704 4581 848 4621 concurre-
892 4564 953 4620 VII
963 4566 1030 4632 13,3
1056 4581 1084 4620 u.
1108 4582 1137 4635 p.
1162 4565 1232 4619 1515
1249 4562 1350 4635 quibus
1373 4561 1456 4618 rebus
1482 4560 1644 4630 confestim)

97 4649 168 4706 beni
194 4648 279 4721 lsguti
296 4688 303 4704 .
322 4689 329 4704 .
348 4665 371 4703 .:
392 4664 428 4704 ne
453 4646 592 4703 dubitaret
614 4650 749 4720 proelium
775 4666 849 4706 eom·
892 4651 1026 4717 ioeessr
1043 4651 1072 4704 in
1084 4649 1205 4706 Gelliam
1223 4653 1413 4715 reuerteretur,
1430 4646 1557 4702 Arimino
1568 4659 1646 4700 eroe-

96 4734 220 4801 mittem
256 4735 381 4789 omnium
416 4749 477 4789 esse
507 4733 630 4788 militum
658 4735 847 4806 paratissimos
891 4737 981 4804 deret,
1005 4736 1143 4792 exereitus
1160 4736 1324 4801 dimitterem
1346 4749 1429 4806 quse
1446 4733 1474 4788 si
1492 4731 1646 4798 fecisset,

97 4820 215 4876 animos.
244 4821 410 4876 munimus
444 4824 541 4875 ooutrs
568 4819 664 4874 multis
692 4821 775 4876 rebus
804 4823 848 4876 sui
891 4822 1057 4895 Pompeium
1076 4823 1106 4876 iu
1125 4821 1277 4893 Hispanias
1294 4819 1413 4874 iturum:
1432 4818 1547 4886 1,10,3;
1625 4820 1645 4884 1

97 4906 205 4961 timoris
223 4905 304 4977 signs
320 4908 340 4975 †
357 4907 477 4974 misisse,
500 4905 574 4977 quod
592 4946 599 4960 .
619 4945 626 4960 .
647 4947 668 4974 .,
686 4907 761 4978 quod
779 4947 786 4962 .
804 4947 811 4963 .
831 4948 849 4976 .,
891 4924 948 4964 uno
970 4908 1016 4964 die
1037 4908 1159 4980 amplius
1181 4907 1241 4962 XX
1267 4905 1350 4961 urbes
1372 4903 1530 4975 Biturigum
1552 4903 1645 4958 ineen-

95 4991 173 5065 quod
202 4992 251 5047 uix
279 4993 404 5062 equitum
433 4992 561 5048 incursus
589 4993 759 5047 sustinerent
784 5009 848 5048 oon·
890 4993 1004 5050 duntur.
1023 4993 1075 5050 hoo
1092 4994 1167 5049 idern
1184 4993 1217 5048 fit
1230 4993 1277 5064 (e)
1290 4991 1321 5046 ln
1340 4991 1452 5062 reliquis
1469 4988 1644 5044 ciuitatibus:

96 5078 296 5150 istisque...
319 5077 542 5149 siguisoonierti
564 5093 653 5149 neque
670 5077 780 5134 ordines
800 5093 847 5133 ne·
890 5080 919 5134 in
951 5080 1081 5134 omnibus
1113 5079 1239 5151 pertibus
1268 5075 1644 5218 inoendisffloonspioiuntur.

149 5173 232 5216 noxie,
245 5173 340 5217 οων,
367 5173 403 5213 11.
