<?xml version="1.0" encoding="UTF-8"?>
<!DOCTYPE html PUBLIC "-//W3C//DTD XHTML 1.0 Transitional//EN"
    "http://www.w3.org/TR/xhtml1/DTD/xhtml1-transitional.dtd">
<html xmlns="http://www.w3.org/1999/xhtml" xml:lang="en" lang="en">
 <head>
  <title>
</title>
<meta http-equiv="Content-Type" content="text/html;charset=utf-8" />
  <meta name='ocr-system' content='tesseract 3.04.00' />
  <meta name='ocr-capabilities' content='ocr_page ocr_carea ocr_par ocr_line ocrx_word'/>
</head>
<body>
  <div class='ocr_page' id='page_1' title='image "./lexiconcaesaria01meusgoog_0166.png"; bbox 0 0 3810 5602; ppageno 0'>
   <div class='ocr_carea' id='block_1_1' title="bbox 152 236 1692 309">
    <p class='ocr_par' dir='ltr' id='par_1_1' title="bbox 152 236 1692 309">
     <span class='ocr_line' id='line_1_1' title="bbox 152 236 1692 309; baseline -0.001 -3"><span class='ocrx_word' id='word_1_1' title='bbox 152 242 233 306; x_wconf 77' lang='lat'>16³3</span> <span class='ocrx_word' id='word_1_2' title='bbox 746 271 749 278; x_wconf 93' lang='lat'>·</span> <span class='ocrx_word' id='word_1_3' title='bbox 872 236 972 309; x_wconf 89' lang='lat' dir='ltr'><strong>recipio</strong></span> <span class='ocrx_word' id='word_1_4' title='bbox 1610 245 1692 304; x_wconf 79' lang='grc'><strong>1634</strong></span> 
     </span>
    </p>
   </div>
   <div class='ocr_carea' id='block_1_2' title="bbox 148 405 1694 996">
    <p class='ocr_par' dir='ltr' id='par_1_2' title="bbox 149 405 1693 565">
     <span class='ocr_line' id='line_1_2' title="bbox 149 405 1693 481; baseline 0.002 -19"><span class='ocrx_word' id='word_1_5' title='bbox 149 407 262 462; x_wconf 86' lang='lat' dir='ltr'><strong>ficiunt:</strong></span> <span class='ocrx_word' id='word_1_6' title='bbox 279 407 399 476; x_wconf 76' lang='lat' dir='ltr'><strong>a‚2s,4;</strong></span> <span class='ocrx_word' id='word_1_7' title='bbox 536 411 556 474; x_wconf 71' lang='grc' dir='ltr'>τ</span> <span class='ocrx_word' id='word_1_8' title='bbox 577 407 669 479; x_wconf 91' lang='lat' dir='ltr'><strong>iugis</strong></span> <span class='ocrx_word' id='word_1_9' title='bbox 692 447 698 460; x_wconf 94' lang='lat'><em>.</em></span> <span class='ocrx_word' id='word_1_10' title='bbox 718 447 725 462; x_wconf 91' lang='lat'><strong>.</strong></span> <span class='ocrx_word' id='word_1_11' title='bbox 743 406 901 463; x_wconf 88' lang='lat' dir='ltr'><strong>Larisam</strong></span> <span class='ocrx_word' id='word_1_12' title='bbox 944 407 1046 464; x_wconf 90' lang='lat' dir='ltr'><strong>milites</strong></span> <span class='ocrx_word' id='word_1_13' title='bbox 1064 411 1211 481; x_wconf 89' lang='lat' dir='ltr'><strong>patresque</strong></span> <span class='ocrx_word' id='word_1_14' title='bbox 1223 406 1269 478; x_wconf 87' lang='lat' dir='ltr'><strong>(o)</strong></span> <span class='ocrx_word' id='word_1_15' title='bbox 1289 405 1410 462; x_wconf 76' lang='lat' dir='ltr'><strong>familiae</strong></span> <span class='ocrx_word' id='word_1_16' title='bbox 1428 405 1604 478; x_wconf 86' lang='lat' dir='ltr'><strong>(tribunique</strong></span> <span class='ocrx_word' id='word_1_17' title='bbox 1621 409 1693 466; x_wconf 87' lang='lat' dir='ltr'><strong>mili-</strong></span> 
     </span>
     <span class='ocr_line' id='line_1_3' title="bbox 151 492 1693 565; baseline 0.003 -18"><span class='ocrx_word' id='word_1_18' title='bbox 151 509 288 549; x_wconf 89' lang='lat' dir='ltr'><strong>uersus:</strong></span> <span class='ocrx_word' id='word_1_19' title='bbox 305 493 410 562; x_wconf 75' lang='lat' dir='ltr'><strong>3‚9⁷,a</strong></span> <span class='ocrx_word' id='word_1_20' title='bbox 426 508 455 546; x_wconf 81' lang='grc' dir='ltr'><strong>ιι.</strong></span> <span class='ocrx_word' id='word_1_21' title='bbox 473 492 511 562; x_wconf 74' lang='lat' dir='ltr'><strong>a)</strong></span> <span class='ocrx_word' id='word_1_22' title='bbox 530 494 563 564; x_wconf 71' lang='lat' dir='ltr'><strong>t).</strong></span> <span class='ocrx_word' id='word_1_23' title='bbox 944 498 1005 550; x_wconf 91' lang='lat' dir='ltr'><strong>tum</strong></span> <span class='ocrx_word' id='word_1_24' title='bbox 1023 493 1127 565; x_wconf 74' lang='lat' dir='ltr'><strong>Porci),</strong></span> <span class='ocrx_word' id='word_1_25' title='bbox 1145 493 1193 565; x_wconf 90' lang='lat' dir='ltr'><strong>qui</strong></span> <span class='ocrx_word' id='word_1_26' title='bbox 1279 492 1330 548; x_wconf 81' lang='lat' dir='ltr'><strong>*cd</strong></span> <span class='ocrx_word' id='word_1_27' title='bbox 1345 509 1432 548; x_wconf 88' lang='lat' dir='ltr'><strong>naues</strong></span> <span class='ocrx_word' id='word_1_28' title='bbox 1450 493 1555 549; x_wconf 88' lang='lat' dir='ltr'><strong>adnare</strong></span> <span class='ocrx_word' id='word_1_29' title='bbox 1571 499 1693 565; x_wconf 89' lang='lat' dir='ltr'><strong>possent,</strong></span> 
     </span>
    </p>

    <p class='ocr_par' dir='ltr' id='par_1_3' title="bbox 148 573 1694 908">
     <span class='ocr_line' id='line_1_4' title="bbox 185 573 1691 652; baseline -0.001 -16"><span class='ocrx_word' id='word_1_30' title='bbox 185 573 218 652; x_wconf 82' lang='grc' dir='ltr'><strong>β)</strong></span> <span class='ocrx_word' id='word_1_31' title='bbox 235 580 318 636; x_wconf 74' lang='lat' dir='ltr'><strong>trab:</strong></span> <span class='ocrx_word' id='word_1_32' title='bbox 336 595 418 650; x_wconf 90' lang='lat' dir='ltr'><strong>quem</strong></span> <span class='ocrx_word' id='word_1_33' title='bbox 439 578 485 650; x_wconf 86' lang='lat' dir='ltr'><strong>(e)</strong></span> <span class='ocrx_word' id='word_1_34' title='bbox 504 578 553 633; x_wconf 91' lang='lat' dir='ltr'><strong>ubi</strong></span> <span class='ocrx_word' id='word_1_35' title='bbox 571 579 672 634; x_wconf 84' lang='lat' dir='ltr'><strong>ansar</strong></span> <span class='ocrx_word' id='word_1_36' title='bbox 688 579 900 636; x_wconf 87' lang='lat' dir='ltr'><strong>intellexit...</strong></span> <span class='ocrx_word' id='word_1_37' title='bbox 943 580 1045 651; x_wconf 76' lang='lat' dir='ltr'>recepti</span> <span class='ocrx_word' id='word_1_38' title='bbox 1071 580 1101 634; x_wconf 93' lang='lat' dir='ltr'><strong>in</strong></span> <span class='ocrx_word' id='word_1_39' title='bbox 1128 579 1253 636; x_wconf 86' lang='lat' dir='ltr'><strong>Siciliam</strong></span> <span class='ocrx_word' id='word_1_40' title='bbox 1280 577 1434 634; x_wconf 79' lang='lat' dir='ltr'><strong>incolumes</strong></span> <span class='ocrx_word' id='word_1_41' title='bbox 1457 579 1645 650; x_wconf 81' lang='lat' dir='ltr'><strong>peruenirent:</strong></span> <span class='ocrx_word' id='word_1_42' title='bbox 1666 582 1691 647; x_wconf 68' lang='lat' dir='ltr'><strong>a,</strong></span> 
     </span>
     <span class='ocr_line' id='line_1_5' title="bbox 150 663 1692 738; baseline 0.001 -18"><span class='ocrx_word' id='word_1_43' title='bbox 150 663 282 735; x_wconf 90' lang='lat' dir='ltr'><strong>(nullam)</strong></span> <span class='ocrx_word' id='word_1_44' title='bbox 305 681 382 737; x_wconf 90' lang='lat' dir='ltr'><strong>spem</strong></span> <span class='ocrx_word' id='word_1_45' title='bbox 410 670 460 720; x_wconf 90' lang='lat' dir='ltr'><strong>aut</strong></span> <span class='ocrx_word' id='word_1_46' title='bbox 482 664 670 720; x_wconf 88' lang='lat' dir='ltr'><strong>condicionem</strong></span> <span class='ocrx_word' id='word_1_47' title='bbox 692 666 768 736; x_wconf 87' lang='lat' dir='ltr'><strong>pacis</strong></span> <span class='ocrx_word' id='word_1_48' title='bbox 785 667 900 736; x_wconf 85' lang='lat' dir='ltr'><strong>adferre,</strong></span> <span class='ocrx_word' id='word_1_49' title='bbox 942 666 1025 735; x_wconf 83' lang='lat'><strong>44,1;</strong></span> <span class='ocrx_word' id='word_1_50' title='bbox 1048 681 1112 722; x_wconf 89' lang='lat' dir='ltr'><strong>cum</strong></span> <span class='ocrx_word' id='word_1_51' title='bbox 1130 705 1137 722; x_wconf 80' lang='grc'><strong>.</strong></span> <span class='ocrx_word' id='word_1_52' title='bbox 1156 705 1164 721; x_wconf 91' lang='grc'><strong>.</strong></span> <span class='ocrx_word' id='word_1_53' title='bbox 1183 705 1190 720; x_wconf 91' lang='grc'><strong><em>.</em></strong></span> <span class='ocrx_word' id='word_1_54' title='bbox 1207 663 1339 738; x_wconf 78' lang='lat' dir='ltr'><strong>oppidani</strong></span> <span class='ocrx_word' id='word_1_55' title='bbox 1359 705 1365 719; x_wconf 94' lang='lat'>.</span> <span class='ocrx_word' id='word_1_56' title='bbox 1386 705 1392 720; x_wconf 91' lang='lat'><strong><em>.</em></strong></span> <span class='ocrx_word' id='word_1_57' title='bbox 1410 664 1496 720; x_wconf 89' lang='lat' dir='ltr'><strong>etism</strong></span> <span class='ocrx_word' id='word_1_58' title='bbox 1519 681 1571 720; x_wconf 90' lang='lat' dir='ltr'><strong>sua</strong></span> <span class='ocrx_word' id='word_1_59' title='bbox 1593 671 1692 737; x_wconf 91' lang='lat' dir='ltr'><strong>sponte</strong></span> 
     </span>
     <span class='ocr_line' id='line_1_6' title="bbox 148 750 1694 823; baseline 0.001 -18"><span class='ocrx_word' id='word_1_60' title='bbox 148 750 189 805; x_wconf 91' lang='lat' dir='ltr'><strong>ad</strong></span> <span class='ocrx_word' id='word_1_61' title='bbox 211 751 347 822; x_wconf 85' lang='lat' dir='ltr'><strong>reliquam</strong></span> <span class='ocrx_word' id='word_1_62' title='bbox 369 750 626 823; x_wconf 78' lang='lat' dir='ltr'><strong>cogitationem</strong></span> <span class='ocrx_word' id='word_1_63' title='bbox 649 751 900 810; x_wconf 90' lang='lat' dir='ltr'><strong>beliiseserece-</strong></span> <span class='ocrx_word' id='word_1_64' title='bbox 943 753 1088 808; x_wconf 79' lang='lat' dir='ltr'><strong>Gaesarem</strong></span> <span class='ocrx_word' id='word_1_65' title='bbox 1119 751 1239 823; x_wconf 90' lang='lat' dir='ltr'><strong>recipere</strong></span> <span class='ocrx_word' id='word_1_66' title='bbox 1270 755 1451 806; x_wconf 89' lang='lat' dir='ltr'><strong>conarentur:</strong></span> <span class='ocrx_word' id='word_1_67' title='bbox 1477 751 1610 819; x_wconf 80' lang='lat'><strong>3,11‚4;</strong></span> <span class='ocrx_word' id='word_1_68' title='bbox 1645 752 1694 823; x_wconf 91' lang='lat' dir='ltr'><strong>qui</strong></span> 
     </span>
     <span class='ocr_line' id='line_1_7' title="bbox 148 835 1692 908; baseline 0.001 -17"><span class='ocrx_word' id='word_1_69' title='bbox 148 835 204 906; x_wconf 89' lang='lat' dir='ltr'><strong>pit:</strong></span> <span class='ocrx_word' id='word_1_70' title='bbox 223 837 249 905; x_wconf 81' lang='lat'><strong>3,</strong></span> <span class='ocrx_word' id='word_1_71' title='bbox 259 837 301 906; x_wconf 79' lang='lat'><strong>1⁷,</strong></span> <span class='ocrx_word' id='word_1_72' title='bbox 309 838 333 892; x_wconf 86' lang='lat'><strong>6.</strong></span> <span class='ocrx_word' id='word_1_73' title='bbox 943 838 1027 894; x_wconf 91' lang='lat' dir='ltr'><strong>modo</strong></span> <span class='ocrx_word' id='word_1_74' title='bbox 1045 837 1098 893; x_wconf 93' lang='lat' dir='ltr'><strong>sibi</strong></span> <span class='ocrx_word' id='word_1_75' title='bbox 1115 837 1274 904; x_wconf 90' lang='lat' dir='ltr'><strong>timuerant,</strong></span> <span class='ocrx_word' id='word_1_76' title='bbox 1293 836 1344 891; x_wconf 91' lang='lat' dir='ltr'><strong>hos</strong></span> <span class='ocrx_word' id='word_1_77' title='bbox 1361 835 1518 892; x_wconf 88' lang='lat' dir='ltr'><strong>tutissimus</strong></span> <span class='ocrx_word' id='word_1_78' title='bbox 1536 841 1633 908; x_wconf 91' lang='lat' dir='ltr'><strong>portus</strong></span> <span class='ocrx_word' id='word_1_79' title='bbox 1652 853 1692 893; x_wconf 77' lang='lat' dir='ltr'><strong>re</strong></span> 
     </span>
    </p>

    <p class='ocr_par' dir='ltr' id='par_1_4' title="bbox 184 921 1693 996">
     <span class='ocr_line' id='line_1_8' title="bbox 184 921 1693 996; baseline 0 -17"><span class='ocrx_word' id='word_1_80' title='bbox 184 921 216 980; x_wconf 79' lang='lat' dir='ltr'><strong>G.</strong></span> <span class='ocrx_word' id='word_1_81' title='bbox 240 923 314 979; x_wconf 88' lang='lat' dir='ltr'><strong>intr.</strong></span> <span class='ocrx_word' id='word_1_82' title='bbox 330 943 364 970; x_wconf 96' lang='lat'>=</span> <span class='ocrx_word' id='word_1_83' title='bbox 381 937 411 978; x_wconf 90' lang='lat' dir='ltr'><strong>se</strong></span> <span class='ocrx_word' id='word_1_84' title='bbox 435 921 583 990; x_wconf 87' lang='lat' dir='ltr'><strong>recipere:</strong></span> <span class='ocrx_word' id='word_1_85' title='bbox 610 922 794 994; x_wconf 86' lang='lat' dir='ltr'><strong>reprehendit,</strong></span> <span class='ocrx_word' id='word_1_86' title='bbox 825 923 900 995; x_wconf 90' lang='lat' dir='ltr'><strong>quod</strong></span> <span class='ocrx_word' id='word_1_87' title='bbox 943 923 1062 996; x_wconf 88' lang='lat' dir='ltr'><strong>cipiebat</strong></span> <span class='ocrx_word' id='word_1_88' title='bbox 1092 923 1236 996; x_wconf 87' lang='lat' dir='ltr'><strong>(reiciebat</strong></span> <span class='ocrx_word' id='word_1_89' title='bbox 1264 922 1349 988; x_wconf 51' lang='lat' dir='ltr'><strong>Noa·</strong></span> <span class='ocrx_word' id='word_1_90' title='bbox 1378 922 1460 993; x_wconf 88' lang='lat' dir='ltr'><strong>recip.</strong></span> <span class='ocrx_word' id='word_1_91' title='bbox 1487 921 1544 993; x_wconf 73' lang='lat' dir='ltr'><strong>b⁹):</strong></span> <span class='ocrx_word' id='word_1_92' title='bbox 1575 924 1693 992; x_wconf 76' lang='lat'><strong>3‚27,1;</strong></span> 
     </span>
    </p>
   </div>
   <div class='ocr_carea' id='block_1_3' title="bbox 150 1007 1813 1082">
    <p class='ocr_par' dir='ltr' id='par_1_5' title="bbox 150 1007 1813 1082">
     <span class='ocr_line' id='line_1_9' title="bbox 150 1007 1813 1082; baseline 0.002 -20"><span class='ocrx_word' id='word_1_93' title='bbox 150 1024 300 1079; x_wconf 91' lang='lat' dir='ltr'><strong>...neque</strong></span> <span class='ocrx_word' id='word_1_94' title='bbox 318 1008 418 1079; x_wconf 90' lang='lat' dir='ltr'><strong>signo</strong></span> <span class='ocrx_word' id='word_1_95' title='bbox 435 1007 628 1079; x_wconf 91' lang='lat' dir='ltr'><strong>recipiendi</strong></span> <span class='ocrx_word' id='word_1_96' title='bbox 646 1008 712 1064; x_wconf 89' lang='lat' dir='ltr'><strong>dato</strong></span> <span class='ocrx_word' id='word_1_97' title='bbox 725 1010 807 1081; x_wconf 90' lang='lat' dir='ltr'><strong>(dato</strong></span> <span class='ocrx_word' id='word_1_98' title='bbox 819 1011 899 1082; x_wconf 90' lang='lat' dir='ltr'><strong>recip.</strong></span> <span class='ocrx_word' id='word_1_99' title='bbox 943 1014 1097 1066; x_wconf 89' lang='lat' dir='ltr'><strong>conuentus</strong></span> <span class='ocrx_word' id='word_1_100' title='bbox 1114 1009 1219 1066; x_wconf 90' lang='lat' dir='ltr'><strong>ciuium</strong></span> <span class='ocrx_word' id='word_1_101' title='bbox 1238 1009 1436 1076; x_wconf 84' lang='lat' dir='ltr'><strong>Romanorum,</strong></span> <span class='ocrx_word' id='word_1_102' title='bbox 1454 1007 1503 1078; x_wconf 91' lang='lat' dir='ltr'><strong>qui</strong></span> <span class='ocrx_word' id='word_1_103' title='bbox 1515 1008 1628 1064; x_wconf 87' lang='lat' dir='ltr'><strong>Lissum</strong></span> <span class='ocrx_word' id='word_1_104' title='bbox 1645 1010 1695 1065; x_wconf 92' lang='lat' dir='ltr'><strong>ob·</strong></span> <span class='ocrx_word' id='word_1_105' title='bbox 1811 1071 1813 1078; x_wconf 58' lang='grc'>,</span> 
     </span>
    </p>
   </div>
   <div class='ocr_carea' id='block_1_4' title="bbox 148 1090 1694 1341">
    <p class='ocr_par' dir='ltr' id='par_1_6' title="bbox 148 1090 1694 1341">
     <span class='ocr_line' id='line_1_10' title="bbox 150 1090 1692 1168; baseline 0.001 -19"><span class='ocrx_word' id='word_1_106' title='bbox 150 1090 184 1168; x_wconf 86' lang='grc' dir='ltr'><strong>β)</strong></span> <span class='ocrx_word' id='word_1_107' title='bbox 209 1093 397 1149; x_wconf 77' lang='lat' dir='ltr'><strong>constitissent</strong></span> <span class='ocrx_word' id='word_1_108' title='bbox 420 1109 509 1165; x_wconf 90' lang='lat' dir='ltr'><strong>neque</strong></span> <span class='ocrx_word' id='word_1_109' title='bbox 533 1110 550 1148; x_wconf 90' lang='lat' dir='ltr'><strong>a</strong></span> <span class='ocrx_word' id='word_1_110' title='bbox 569 1094 614 1165; x_wconf 87' lang='lat' dir='ltr'><strong>(c)</strong></span> <span class='ocrx_word' id='word_1_111' title='bbox 634 1093 753 1150; x_wconf 88' lang='lat' dir='ltr'><strong>tribunis</strong></span> <span class='ocrx_word' id='word_1_112' title='bbox 777 1095 898 1151; x_wconf 88' lang='lat' dir='ltr'><strong>militum</strong></span> <span class='ocrx_word' id='word_1_113' title='bbox 943 1095 1079 1164; x_wconf 89' lang='lat' dir='ltr'><strong>tinebant,</strong></span> <span class='ocrx_word' id='word_1_114' title='bbox 1100 1095 1319 1152; x_wconf 85' lang='lat' dir='ltr'><strong>...Antonium</strong></span> <span class='ocrx_word' id='word_1_115' title='bbox 1337 1094 1438 1165; x_wconf 91' lang='lat' dir='ltr'><strong>recepit</strong></span> <span class='ocrx_word' id='word_1_116' title='bbox 1457 1093 1499 1164; x_wconf 82' lang='lat' dir='ltr'><strong>(s,·</strong></span> <span class='ocrx_word' id='word_1_117' title='bbox 1516 1095 1613 1166; x_wconf 89' lang='lat' dir='ltr'><strong>recipit</strong></span> <span class='ocrx_word' id='word_1_118' title='bbox 1629 1095 1692 1167; x_wconf 79' lang='lat' dir='ltr'><strong>abi&gt;</strong></span> 
     </span>
     <span class='ocr_line' id='line_1_11' title="bbox 149 1178 1693 1254; baseline 0.002 -21"><span class='ocrx_word' id='word_1_119' title='bbox 149 1178 302 1252; x_wconf 87' lang='lat' dir='ltr'><strong>legatisque</strong></span> <span class='ocrx_word' id='word_1_120' title='bbox 320 1178 430 1235; x_wconf 90' lang='lat' dir='ltr'><strong>retineri</strong></span> <span class='ocrx_word' id='word_1_121' title='bbox 447 1179 613 1251; x_wconf 89' lang='lat' dir='ltr'><strong>potuissent:</strong></span> <span class='ocrx_word' id='word_1_122' title='bbox 633 1179 694 1236; x_wconf 87' lang='lat' dir='ltr'><strong>VII</strong></span> <span class='ocrx_word' id='word_1_123' title='bbox 703 1183 785 1250; x_wconf 76' lang='lat'><strong>52,1;</strong></span> <span class='ocrx_word' id='word_1_124' title='bbox 804 1183 827 1237; x_wconf 92' lang='lat' dir='ltr'><strong>si</strong></span> <span class='ocrx_word' id='word_1_125' title='bbox 844 1199 901 1254; x_wconf 92' lang='lat' dir='ltr'><strong>quo</strong></span> <span class='ocrx_word' id='word_1_126' title='bbox 943 1182 1128 1253; x_wconf 89' lang='lat' dir='ltr'><strong>omnibusque</strong></span> <span class='ocrx_word' id='word_1_127' title='bbox 1162 1180 1244 1237; x_wconf 90' lang='lat' dir='ltr'><strong>rebus</strong></span> <span class='ocrx_word' id='word_1_128' title='bbox 1275 1180 1361 1236; x_wconf 88' lang='lat' dir='ltr'><strong>iuuit:</strong></span> <span class='ocrx_word' id='word_1_129' title='bbox 1391 1181 1418 1248; x_wconf 83' lang='grc'><strong>3,</strong></span> <span class='ocrx_word' id='word_1_130' title='bbox 1431 1181 1474 1248; x_wconf 78' lang='lat'><strong>29,</strong></span> <span class='ocrx_word' id='word_1_131' title='bbox 1488 1182 1517 1247; x_wconf 90' lang='lat' dir='ltr'><strong>l;</strong></span> <span class='ocrx_word' id='word_1_132' title='bbox 1553 1180 1693 1236; x_wconf 84' lang='lat' dir='ltr'><strong>(laluisius</strong></span> 
     </span>
     <span class='ocr_line' id='line_1_12' title="bbox 148 1264 1694 1341; baseline 0.001 -21"><span class='ocrx_word' id='word_1_133' title='bbox 148 1271 227 1321; x_wconf 89' lang='lat' dir='ltr'><strong>erat</strong></span> <span class='ocrx_word' id='word_1_134' title='bbox 253 1266 363 1338; x_wconf 90' lang='lat' dir='ltr'><strong>longius</strong></span> <span class='ocrx_word' id='word_1_135' title='bbox 389 1264 583 1337; x_wconf 91' lang='lat' dir='ltr'><strong>prodeundum</strong></span> <span class='ocrx_word' id='word_1_136' title='bbox 607 1270 657 1321; x_wconf 88' lang='lat' dir='ltr'><strong>aut</strong></span> <span class='ocrx_word' id='word_1_137' title='bbox 678 1266 793 1323; x_wconf 88' lang='lat' dir='ltr'><strong>celerius</strong></span> <span class='ocrx_word' id='word_1_138' title='bbox 815 1269 900 1324; x_wconf 92' lang='lat' dir='ltr'><strong>reci·</strong></span> <span class='ocrx_word' id='word_1_139' title='bbox 943 1270 1033 1341; x_wconf 91' lang='lat' dir='ltr'><strong>primo</strong></span> <span class='ocrx_word' id='word_1_140' title='bbox 1057 1267 1181 1324; x_wconf 74' lang='lat' dir='ltr'><strong>aduemu</strong></span> <span class='ocrx_word' id='word_1_141' title='bbox 1199 1283 1310 1323; x_wconf 87' lang='lat' dir='ltr'><strong>summa</strong></span> <span class='ocrx_word' id='word_1_142' title='bbox 1327 1265 1453 1321; x_wconf 89' lang='lat' dir='ltr'><strong>omnium</strong></span> <span class='ocrx_word' id='word_1_143' title='bbox 1472 1265 1635 1321; x_wconf 81' lang='lat' dir='ltr'><strong>Aetolorum</strong></span> <span class='ocrx_word' id='word_1_144' title='bbox 1653 1282 1694 1322; x_wconf 92' lang='lat' dir='ltr'><strong>re·</strong></span> 
     </span>
    </p>
   </div>
   <div class='ocr_carea' id='block_1_5' title="bbox 148 1350 1792 1426">
    <p class='ocr_par' dir='ltr' id='par_1_7' title="bbox 148 1350 1792 1426">
     <span class='ocr_line' id='line_1_13' title="bbox 148 1350 1792 1426; baseline 0.001 -19"><span class='ocrx_word' id='word_1_145' title='bbox 148 1351 326 1424; x_wconf 89' lang='lat' dir='ltr'><strong>piendum:</strong></span> <span class='ocrx_word' id='word_1_146' title='bbox 346 1350 576 1422; x_wconf 79' lang='lat' dir='ltr'><strong>148,7;quibus</strong></span> <span class='ocrx_word' id='word_1_147' title='bbox 594 1351 636 1406; x_wconf 89' lang='lat' dir='ltr'><strong>ad</strong></span> <span class='ocrx_word' id='word_1_148' title='bbox 655 1353 701 1424; x_wconf 90' lang='lat' dir='ltr'><strong>(se</strong></span> <span class='ocrx_word' id='word_1_149' title='bbox 713 1353 774 1408; x_wconf 81' lang='lat' dir='ltr'><strong>cdd.</strong></span> <span class='ocrx_word' id='word_1_150' title='bbox 793 1353 898 1426; x_wconf 66' lang='lat' dir='ltr'><strong>oseca)</strong></span> <span class='ocrx_word' id='word_1_151' title='bbox 943 1353 1204 1425; x_wconf 84' lang='lat' dir='ltr'><strong>ceptueuoluntate</strong></span> <span class='ocrx_word' id='word_1_152' title='bbox 1289 1351 1366 1408; x_wconf 87' lang='lat' dir='ltr'><strong>omni</strong></span> <span class='ocrx_word' id='word_1_153' title='bbox 1384 1351 1618 1422; x_wconf 81' lang='lat' dir='ltr'><strong>Aetoliapotitus</strong></span> <span class='ocrx_word' id='word_1_154' title='bbox 1637 1357 1694 1409; x_wconf 88' lang='lat' dir='ltr'><strong>est:</strong></span> <span class='ocrx_word' id='word_1_155' title='bbox 1789 1385 1792 1394; x_wconf 91' lang='lat'><em>·</em></span> 
     </span>
    </p>
   </div>
   <div class='ocr_carea' id='block_1_6' title="bbox 92 1435 1697 5198">
    <p class='ocr_par' dir='ltr' id='par_1_8' title="bbox 92 1435 1697 5198">
     <span class='ocr_line' id='line_1_14' title="bbox 148 1435 1056 1512; baseline 0.004 -21"><span class='ocrx_word' id='word_1_156' title='bbox 148 1437 393 1509; x_wconf 89' lang='lat' dir='ltr'><strong>recipiendum</strong></span> <span class='ocrx_word' id='word_1_157' title='bbox 411 1441 499 1492; x_wconf 86' lang='lat' dir='ltr'><strong>crates</strong></span> <span class='ocrx_word' id='word_1_158' title='bbox 516 1435 641 1493; x_wconf 90' lang='lat' dir='ltr'><strong>derectae</strong></span> <span class='ocrx_word' id='word_1_159' title='bbox 659 1439 705 1510; x_wconf 88' lang='lat' dir='ltr'><strong>(c)</strong></span> <span class='ocrx_word' id='word_1_160' title='bbox 724 1438 901 1512; x_wconf 83' lang='lat' dir='ltr'><strong>longuriique</strong></span> <span class='ocrx_word' id='word_1_161' title='bbox 942 1441 1022 1510; x_wconf 64' lang='lat' dir='ltr'><strong>aas</strong></span> <span class='ocrx_word' id='word_1_162' title='bbox 1032 1441 1056 1496; x_wconf 91' lang='lat'><strong>1.</strong></span> 
     </span>
     <span class='ocr_line' id='line_1_15' title="bbox 150 1521 1693 1600; baseline 0.001 -23"><span class='ocrx_word' id='word_1_163' title='bbox 150 1524 196 1595; x_wconf 86' lang='lat' dir='ltr'><strong>(o)</strong></span> <span class='ocrx_word' id='word_1_164' title='bbox 217 1522 316 1579; x_wconf 91' lang='lat' dir='ltr'><strong>obiecti</strong></span> <span class='ocrx_word' id='word_1_165' title='bbox 335 1523 381 1594; x_wconf 90' lang='lat' dir='ltr'><strong>(c)</strong></span> <span class='ocrx_word' id='word_1_166' title='bbox 400 1527 428 1578; x_wconf 92' lang='lat' dir='ltr'><strong>et</strong></span> <span class='ocrx_word' id='word_1_167' title='bbox 445 1521 590 1579; x_wconf 84' lang='lat' dir='ltr'><strong>institutae</strong></span> <span class='ocrx_word' id='word_1_168' title='bbox 614 1522 704 1580; x_wconf 80' lang='lat' dir='ltr'><strong>fossae</strong></span> <span class='ocrx_word' id='word_1_169' title='bbox 726 1540 827 1597; x_wconf 86' lang='lat' dir='ltr'><strong>magno</strong></span> <span class='ocrx_word' id='word_1_170' title='bbox 849 1527 900 1582; x_wconf 89' lang='lat' dir='ltr'><strong>im·</strong></span> <span class='ocrx_word' id='word_1_171' title='bbox 979 1521 1011 1600; x_wconf 90' lang='grc' dir='ltr'><strong>β)</strong></span> <span class='ocrx_word' id='word_1_172' title='bbox 1030 1527 1167 1597; x_wconf 85' lang='lat' dir='ltr'><strong>additur,</strong></span> <span class='ocrx_word' id='word_1_173' title='bbox 1185 1541 1241 1596; x_wconf 88' lang='lat' dir='ltr'><strong>quc</strong></span> <span class='ocrx_word' id='word_1_174' title='bbox 1259 1526 1323 1594; x_wconf 84' lang='lat' dir='ltr'><strong>quis</strong></span> <span class='ocrx_word' id='word_1_175' title='bbox 1341 1523 1521 1593; x_wconf 76' lang='lat' dir='ltr'><strong>recipiatur:</strong></span> <span class='ocrx_word' id='word_1_176' title='bbox 1545 1524 1602 1594; x_wconf 83' lang='grc' dir='ltr'><strong>αα)</strong></span> <span class='ocrx_word' id='word_1_177' title='bbox 1620 1524 1693 1584; x_wconf 79' lang='lat' dir='ltr'><strong>abi:</strong></span> 
     </span>
     <span class='ocr_line' id='line_1_16' title="bbox 150 1607 1695 1682; baseline 0.001 -17"><span class='ocrx_word' id='word_1_178' title='bbox 150 1607 309 1682; x_wconf 86' lang='lat' dir='ltr'><strong>pedimento</strong></span> <span class='ocrx_word' id='word_1_179' title='bbox 326 1607 451 1664; x_wconf 78' lang='lat' dir='ltr'><strong>fuerunt:</strong></span> <span class='ocrx_word' id='word_1_180' title='bbox 469 1609 494 1674; x_wconf 82' lang='lat'><strong>3,</strong></span> <span class='ocrx_word' id='word_1_181' title='bbox 503 1610 547 1678; x_wconf 81' lang='lat'><strong>46,</strong></span> <span class='ocrx_word' id='word_1_182' title='bbox 556 1609 582 1665; x_wconf 82' lang='lat'><strong>5.</strong></span> <span class='ocrx_word' id='word_1_183' title='bbox 943 1611 1066 1668; x_wconf 91' lang='lat' dir='ltr'><strong>hostium</strong></span> <span class='ocrx_word' id='word_1_184' title='bbox 1089 1628 1119 1668; x_wconf 88' lang='lat' dir='ltr'><strong>se</strong></span> <span class='ocrx_word' id='word_1_185' title='bbox 1139 1611 1299 1668; x_wconf 90' lang='lat' dir='ltr'><strong>habiturum</strong></span> <span class='ocrx_word' id='word_1_186' title='bbox 1323 1627 1440 1668; x_wconf 89' lang='lat' dir='ltr'><strong>numero</strong></span> <span class='ocrx_word' id='word_1_187' title='bbox 1465 1609 1513 1682; x_wconf 86' lang='lat' dir='ltr'><strong>(o)</strong></span> <span class='ocrx_word' id='word_1_188' title='bbox 1539 1610 1695 1679; x_wconf 85' lang='lat' dir='ltr'><strong>confirmat,</strong></span> 
     </span>
     <span class='ocr_line' id='line_1_17' title="bbox 182 1696 1695 1770; baseline 0.001 -18"><span class='ocrx_word' id='word_1_189' title='bbox 182 1697 220 1753; x_wconf 84' lang='lat' dir='ltr'><strong>l).</strong></span> <span class='ocrx_word' id='word_1_190' title='bbox 234 1696 371 1752; x_wconf 87' lang='lat' dir='ltr'><strong>:denuc</strong></span> <span class='ocrx_word' id='word_1_191' title='bbox 393 1696 424 1750; x_wconf 88' lang='lat' dir='ltr'><strong>in</strong></span> <span class='ocrx_word' id='word_1_192' title='bbox 448 1710 530 1750; x_wconf 88' lang='lat' dir='ltr'><strong>suam</strong></span> <span class='ocrx_word' id='word_1_193' title='bbox 554 1699 731 1764; x_wconf 88' lang='lat' dir='ltr'><strong>potestatem</strong></span> <span class='ocrx_word' id='word_1_194' title='bbox 749 1697 899 1765; x_wconf 75' lang='lat' dir='ltr'><strong>redigeres</strong></span> <span class='ocrx_word' id='word_1_195' title='bbox 943 1698 968 1753; x_wconf 92' lang='lat' dir='ltr'><strong>sl</strong></span> <span class='ocrx_word' id='word_1_196' title='bbox 993 1702 1044 1753; x_wconf 87' lang='lat' dir='ltr'><strong>aut</strong></span> <span class='ocrx_word' id='word_1_197' title='bbox 1060 1697 1251 1770; x_wconf 79' lang='lat' dir='ltr'><strong>Ambiorigem</strong></span> <span class='ocrx_word' id='word_1_198' title='bbox 1274 1702 1325 1753; x_wconf 91' lang='lat' dir='ltr'><strong>aut</strong></span> <span class='ocrx_word' id='word_1_199' title='bbox 1347 1698 1407 1752; x_wconf 91' lang='lat' dir='ltr'><strong>eius</strong></span> <span class='ocrx_word' id='word_1_200' title='bbox 1430 1696 1536 1768; x_wconf 86' lang='lat' dir='ltr'><strong>legatos</strong></span> <span class='ocrx_word' id='word_1_201' title='bbox 1559 1697 1695 1754; x_wconf 86' lang='lat' dir='ltr'><strong>finibus</strong></span> 
     </span>
     <span class='ocr_line' id='line_1_18' title="bbox 150 1781 1694 1856; baseline 0.001 -19"><span class='ocrx_word' id='word_1_202' title='bbox 150 1799 219 1854; x_wconf 87' lang='lat' dir='ltr'><strong>quos</strong></span> <span class='ocrx_word' id='word_1_203' title='bbox 238 1781 378 1837; x_wconf 77' lang='lat' dir='ltr'><strong>Labienus</strong></span> <span class='ocrx_word' id='word_1_204' title='bbox 396 1781 522 1852; x_wconf 89' lang='lat' dir='ltr'><strong>equitatu</strong></span> <span class='ocrx_word' id='word_1_205' title='bbox 540 1786 715 1838; x_wconf 88' lang='lat' dir='ltr'><strong>consectatus</strong></span> <span class='ocrx_word' id='word_1_206' title='bbox 733 1800 835 1856; x_wconf 89' lang='lat' dir='ltr'><strong>magno</strong></span> <span class='ocrx_word' id='word_1_207' title='bbox 847 1802 900 1840; x_wconf 91' lang='lat' dir='ltr'><strong>nu·</strong></span> <span class='ocrx_word' id='word_1_208' title='bbox 944 1783 1002 1840; x_wconf 89' lang='lat' dir='ltr'><strong>suis</strong></span> <span class='ocrx_word' id='word_1_209' title='bbox 1019 1783 1199 1855; x_wconf 83' lang='lat' dir='ltr'><strong>recepissent:</strong></span> <span class='ocrx_word' id='word_1_210' title='bbox 1213 1781 1331 1852; x_wconf 78' lang='lat' dir='ltr'><strong>V16,3;</strong></span> <span class='ocrx_word' id='word_1_211' title='bbox 1350 1799 1434 1854; x_wconf 93' lang='lat' dir='ltr'><strong>quem</strong></span> <span class='ocrx_word' id='word_1_212' title='bbox 1447 1783 1621 1852; x_wconf 87' lang='lat' dir='ltr'><strong>(exercitum)</strong></span> <span class='ocrx_word' id='word_1_213' title='bbox 1636 1789 1694 1838; x_wconf 88' lang='lat' dir='ltr'><strong>tur·</strong></span> 
     </span>
     <span class='ocr_line' id='line_1_19' title="bbox 150 1867 1695 1942; baseline 0.001 -18"><span class='ocrx_word' id='word_1_214' title='bbox 150 1885 226 1924; x_wconf 89' lang='lat' dir='ltr'><strong>mero</strong></span> <span class='ocrx_word' id='word_1_215' title='bbox 248 1868 392 1923; x_wconf 86' lang='lat' dir='ltr'><strong>interiecto</strong></span> <span class='ocrx_word' id='word_1_216' title='bbox 414 1908 420 1923; x_wconf 94' lang='lat'>.</span> <span class='ocrx_word' id='word_1_217' title='bbox 440 1908 473 1923; x_wconf 91' lang='lat'><strong>..</strong></span> <span class='ocrx_word' id='word_1_218' title='bbox 497 1867 593 1939; x_wconf 84' lang='lat' dir='ltr'><strong>paucis</strong></span> <span class='ocrx_word' id='word_1_219' title='bbox 616 1872 680 1939; x_wconf 93' lang='lat' dir='ltr'><strong>post</strong></span> <span class='ocrx_word' id='word_1_220' title='bbox 702 1869 801 1925; x_wconf 90' lang='lat' dir='ltr'><strong>diebus</strong></span> <span class='ocrx_word' id='word_1_221' title='bbox 819 1871 901 1926; x_wconf 91' lang='lat' dir='ltr'><strong>ciui·</strong></span> <span class='ocrx_word' id='word_1_222' title='bbox 944 1869 1015 1942; x_wconf 87' lang='lat' dir='ltr'><strong>piter</strong></span> <span class='ocrx_word' id='word_1_223' title='bbox 1032 1885 1063 1924; x_wconf 88' lang='lat' dir='ltr'><strong>se</strong></span> <span class='ocrx_word' id='word_1_224' title='bbox 1079 1886 1115 1925; x_wconf 82' lang='lat' dir='ltr'><strong>ex</strong></span> <span class='ocrx_word' id='word_1_225' title='bbox 1130 1870 1198 1941; x_wconf 86' lang='lat' dir='ltr'><strong>fuga</strong></span> <span class='ocrx_word' id='word_1_226' title='bbox 1211 1870 1257 1941; x_wconf 86' lang='lat' dir='ltr'><strong>(c)</strong></span> <span class='ocrx_word' id='word_1_227' title='bbox 1275 1869 1451 1940; x_wconf 87' lang='lat' dir='ltr'><strong>recipientem</strong></span> <span class='ocrx_word' id='word_1_228' title='bbox 1468 1885 1504 1925; x_wconf 89' lang='lat' dir='ltr'><strong>ne</strong></span> <span class='ocrx_word' id='word_1_229' title='bbox 1521 1885 1578 1941; x_wconf 87' lang='lat' dir='ltr'><strong>qua</strong></span> <span class='ocrx_word' id='word_1_230' title='bbox 1594 1869 1695 1926; x_wconf 89' lang='lat' dir='ltr'><strong>ciuitas</strong></span> 
     </span>
     <span class='ocr_line' id='line_1_20' title="bbox 149 1949 1695 2028; baseline 0 -18"><span class='ocrx_word' id='word_1_231' title='bbox 149 1960 254 2011; x_wconf 90' lang='lat' dir='ltr'><strong>tatem</strong></span> <span class='ocrx_word' id='word_1_232' title='bbox 272 1955 374 2027; x_wconf 89' lang='lat' dir='ltr'><strong>recepit</strong></span> <span class='ocrx_word' id='word_1_233' title='bbox 393 1953 504 2025; x_wconf 86' lang='lat' dir='ltr'><strong>(recipit</strong></span> <span class='ocrx_word' id='word_1_234' title='bbox 526 1949 599 2028; x_wconf 72' lang='grc' dir='ltr'>θβ&gt;ι</span> <span class='ocrx_word' id='word_1_235' title='bbox 619 1953 739 2022; x_wconf 80' lang='lat' dir='ltr'><strong>VI8,7;</strong></span> <span class='ocrx_word' id='word_1_236' title='bbox 757 1955 800 2010; x_wconf 90' lang='lat' dir='ltr'><strong>his</strong></span> <span class='ocrx_word' id='word_1_237' title='bbox 818 1956 901 2012; x_wconf 86' lang='lat' dir='ltr'><strong>rebus</strong></span> <span class='ocrx_word' id='word_1_238' title='bbox 945 1955 1004 2010; x_wconf 89' lang='lat' dir='ltr'><strong>suis</strong></span> <span class='ocrx_word' id='word_1_239' title='bbox 1026 1955 1129 2011; x_wconf 86' lang='lat' dir='ltr'><strong>linibus</strong></span> <span class='ocrx_word' id='word_1_240' title='bbox 1154 1955 1270 2028; x_wconf 89' lang='lat' dir='ltr'><strong>recipiat</strong></span> <span class='ocrx_word' id='word_1_241' title='bbox 1291 1972 1308 2011; x_wconf 89' lang='lat' dir='ltr'><strong>a</strong></span> <span class='ocrx_word' id='word_1_242' title='bbox 1330 1971 1375 2010; x_wconf 92' lang='lat' dir='ltr'><strong>me</strong></span> <span class='ocrx_word' id='word_1_243' title='bbox 1397 1955 1541 2027; x_wconf 88' lang='lat' dir='ltr'><strong>prouisum</strong></span> <span class='ocrx_word' id='word_1_244' title='bbox 1559 1960 1614 2010; x_wconf 89' lang='lat' dir='ltr'><strong>est:</strong></span> <span class='ocrx_word' id='word_1_245' title='bbox 1634 1955 1695 2011; x_wconf 89' lang='lat' dir='ltr'><strong>VII</strong></span> 
     </span>
     <span class='ocr_line' id='line_1_21' title="bbox 149 2037 1695 2114; baseline 0.003 -18"><span class='ocrx_word' id='word_1_246' title='bbox 149 2041 281 2097; x_wconf 87' lang='lat' dir='ltr'><strong>confectis</strong></span> <span class='ocrx_word' id='word_1_247' title='bbox 312 2041 341 2096; x_wconf 91' lang='lat' dir='ltr'><strong>in</strong></span> <span class='ocrx_word' id='word_1_248' title='bbox 368 2039 503 2095; x_wconf 81' lang='lat' dir='ltr'><strong>Haeduos</strong></span> <span class='ocrx_word' id='word_1_249' title='bbox 533 2037 729 2111; x_wconf 88' lang='lat' dir='ltr'><strong>proficiscitur;</strong></span> <span class='ocrx_word' id='word_1_250' title='bbox 758 2040 901 2097; x_wconf 86' lang='lat' dir='ltr'><strong>ciuitatem</strong></span> <span class='ocrx_word' id='word_1_251' title='bbox 943 2043 1046 2110; x_wconf 81' lang='lat'><strong>20,12;</strong></span> <span class='ocrx_word' id='word_1_252' title='bbox 1059 2072 1092 2082; x_wconf 95' lang='lat'><em>-</em></span> <span class='ocrx_word' id='word_1_253' title='bbox 1107 2040 1234 2113; x_wconf 90' lang='lat' dir='ltr'><strong>oppido</strong></span> <span class='ocrx_word' id='word_1_254' title='bbox 1248 2040 1323 2112; x_wconf 79' lang='lat' dir='ltr'><strong>(dis)</strong></span> <span class='ocrx_word' id='word_1_255' title='bbox 1339 2041 1458 2114; x_wconf 89' lang='lat' dir='ltr'><strong>recipere</strong></span> <span class='ocrx_word' id='word_1_256' title='bbox 1466 2040 1695 2114; x_wconf 67' lang='lat' dir='ltr'><strong>sappirum</strong></span> 
     </span>
     <span class='ocr_line' id='line_1_22' title="bbox 150 2124 1696 2198; baseline 0.001 -16"><span class='ocrx_word' id='word_1_257' title='bbox 150 2127 247 2198; x_wconf 88' lang='lat' dir='ltr'><strong>recipit</strong></span> <span class='ocrx_word' id='word_1_258' title='bbox 264 2125 382 2198; x_wconf 89' lang='lat' dir='ltr'><strong>(recepit</strong></span> <span class='ocrx_word' id='word_1_259' title='bbox 399 2125 459 2197; x_wconf 86' lang='lat' dir='ltr'><strong>b¹):</strong></span> <span class='ocrx_word' id='word_1_260' title='bbox 477 2124 538 2181; x_wconf 89' lang='lat' dir='ltr'><strong>VH</strong></span> <span class='ocrx_word' id='word_1_261' title='bbox 548 2125 625 2193; x_wconf 87' lang='lat'><strong>90,1.</strong></span> <span class='ocrx_word' id='word_1_262' title='bbox 941 2145 971 2198; x_wconf 92' lang='lat' dir='ltr'><strong>p.</strong></span> <span class='ocrx_word' id='word_1_263' title='bbox 991 2128 1098 2198; x_wconf 80' lang='lat' dir='ltr'><strong>941aq.</strong></span> <span class='ocrx_word' id='word_1_264' title='bbox 1121 2128 1157 2185; x_wconf 75' lang='lat' dir='ltr'><strong>G.</strong></span> <span class='ocrx_word' id='word_1_265' title='bbox 1181 2128 1213 2198; x_wconf 86' lang='lat' dir='ltr'><strong>a)</strong></span> <span class='ocrx_word' id='word_1_266' title='bbox 1235 2128 1266 2194; x_wconf 83' lang='lat'><strong>(4</strong></span> <span class='ocrx_word' id='word_1_267' title='bbox 1283 2127 1360 2196; x_wconf 88' lang='lat' dir='ltr'><strong>loc.),·</strong></span> <span class='ocrx_word' id='word_1_268' title='bbox 1381 2159 1416 2166; x_wconf 99' lang='lat'>—</span> <span class='ocrx_word' id='word_1_269' title='bbox 1439 2127 1539 2183; x_wconf 85' lang='lat' dir='ltr'><strong>debere</strong></span> <span class='ocrx_word' id='word_1_270' title='bbox 1561 2129 1613 2198; x_wconf 90' lang='lat' dir='ltr'><strong>(se)</strong></span> <span class='ocrx_word' id='word_1_271' title='bbox 1629 2144 1696 2184; x_wconf 90' lang='lat' dir='ltr'><strong>neu·</strong></span> 
     </span>
     <span class='ocr_line' id='line_1_23' title="bbox 183 2211 1696 2283; baseline 0.001 -14"><span class='ocrx_word' id='word_1_272' title='bbox 183 2214 366 2269; x_wconf 84' lang='lat' dir='ltr'><strong>li.=dcnuo</strong></span> <span class='ocrx_word' id='word_1_273' title='bbox 377 2212 527 2283; x_wconf 87' lang='lat' dir='ltr'><strong>excipere,</strong></span> <span class='ocrx_word' id='word_1_274' title='bbox 545 2211 703 2270; x_wconf 88' lang='lat' dir='ltr'><strong>restituere</strong></span> <span class='ocrx_word' id='word_1_275' title='bbox 714 2214 747 2268; x_wconf 92' lang='lat' dir='ltr'><strong>in</strong></span> <span class='ocrx_word' id='word_1_276' title='bbox 759 2214 902 2283; x_wconf 85' lang='lat' dir='ltr'><strong>patriam:</strong></span> <span class='ocrx_word' id='word_1_277' title='bbox 946 2218 1021 2269; x_wconf 90' lang='lat' dir='ltr'><strong>trum</strong></span> <span class='ocrx_word' id='word_1_278' title='bbox 1048 2229 1144 2270; x_wconf 89' lang='lat' dir='ltr'><strong>eorum</strong></span> <span class='ocrx_word' id='word_1_279' title='bbox 1170 2217 1265 2269; x_wconf 87' lang='lat' dir='ltr'><strong>eontra</strong></span> <span class='ocrx_word' id='word_1_280' title='bbox 1293 2211 1412 2268; x_wconf 86' lang='lat' dir='ltr'><strong>alterum</strong></span> <span class='ocrx_word' id='word_1_281' title='bbox 1435 2213 1533 2270; x_wconf 89' lang='lat' dir='ltr'><strong>iuuare</strong></span> <span class='ocrx_word' id='word_1_282' title='bbox 1554 2219 1605 2269; x_wconf 89' lang='lat' dir='ltr'><strong>aut</strong></span> <span class='ocrx_word' id='word_1_283' title='bbox 1627 2213 1696 2270; x_wconf 88' lang='lat' dir='ltr'><strong>urbe</strong></span> 
     </span>
     <span class='ocr_line' id='line_1_24' title="bbox 149 2298 1695 2371; baseline 0 -17"><span class='ocrx_word' id='word_1_284' title='bbox 149 2315 205 2354; x_wconf 93' lang='lat' dir='ltr'><strong>non</strong></span> <span class='ocrx_word' id='word_1_285' title='bbox 230 2298 322 2355; x_wconf 91' lang='lat' dir='ltr'><strong>nullos</strong></span> <span class='ocrx_word' id='word_1_286' title='bbox 341 2341 347 2355; x_wconf 93' lang='lat'>.</span> <span class='ocrx_word' id='word_1_287' title='bbox 366 2341 373 2356; x_wconf 89' lang='lat'>.</span> <span class='ocrx_word' id='word_1_288' title='bbox 395 2341 401 2355; x_wconf 93' lang='lat'><em>.</em></span> <span class='ocrx_word' id='word_1_289' title='bbox 420 2299 449 2354; x_wconf 93' lang='lat' dir='ltr'><strong>in</strong></span> <span class='ocrx_word' id='word_1_290' title='bbox 472 2299 610 2370; x_wconf 84' lang='lat' dir='ltr'><strong>integrum</strong></span> <span class='ocrx_word' id='word_1_291' title='bbox 639 2299 774 2364; x_wconf 86' lang='lat' dir='ltr'><strong>restituit,</strong></span> <span class='ocrx_word' id='word_1_292' title='bbox 802 2300 850 2371; x_wconf 93' lang='lat' dir='ltr'><strong>qui</strong></span> <span class='ocrx_word' id='word_1_293' title='bbox 874 2316 903 2355; x_wconf 90' lang='lat' dir='ltr'><strong>se</strong></span> <span class='ocrx_word' id='word_1_294' title='bbox 945 2305 995 2355; x_wconf 88' lang='lat' dir='ltr'><strong>aut</strong></span> <span class='ocrx_word' id='word_1_295' title='bbox 1013 2300 1066 2371; x_wconf 86' lang='lat' dir='ltr'><strong>(an</strong></span> <span class='ocrx_word' id='word_1_296' title='bbox 1084 2300 1127 2371; x_wconf 78' lang='lat' dir='ltr'><strong>al)</strong></span> <span class='ocrx_word' id='word_1_297' title='bbox 1147 2298 1310 2371; x_wconf 87' lang='lat' dir='ltr'><strong>portibus</strong></span> <span class='ocrx_word' id='word_1_298' title='bbox 1330 2298 1483 2369; x_wconf 88' lang='lat' dir='ltr'><strong>(portubus</strong></span> <span class='ocrx_word' id='word_1_299' title='bbox 1506 2299 1543 2370; x_wconf 91' lang='lat' dir='ltr'><strong>O)</strong></span> <span class='ocrx_word' id='word_1_300' title='bbox 1565 2299 1695 2371; x_wconf 89' lang='lat' dir='ltr'><strong>recipere:</strong></span> 
     </span>
     <span class='ocr_line' id='line_1_25' title="bbox 149 2382 1695 2458; baseline -0.001 -17"><span class='ocrx_word' id='word_1_301' title='bbox 149 2385 191 2441; x_wconf 87' lang='lat' dir='ltr'><strong>illi</strong></span> <span class='ocrx_word' id='word_1_302' title='bbox 218 2384 299 2440; x_wconf 90' lang='lat' dir='ltr'><strong>initio</strong></span> <span class='ocrx_word' id='word_1_303' title='bbox 323 2385 370 2458; x_wconf 85' lang='lat' dir='ltr'><strong>(c)</strong></span> <span class='ocrx_word' id='word_1_304' title='bbox 389 2384 478 2441; x_wconf 88' lang='lat' dir='ltr'><strong>ciuilis</strong></span> <span class='ocrx_word' id='word_1_305' title='bbox 505 2382 569 2439; x_wconf 90' lang='lat' dir='ltr'><strong>belli</strong></span> <span class='ocrx_word' id='word_1_306' title='bbox 601 2383 773 2454; x_wconf 83' lang='lat' dir='ltr'><strong>obtulerent,</strong></span> <span class='ocrx_word' id='word_1_307' title='bbox 799 2386 824 2442; x_wconf 91' lang='lat' dir='ltr'><strong>si</strong></span> <span class='ocrx_word' id='word_1_308' title='bbox 852 2403 903 2442; x_wconf 87' lang='lat' dir='ltr'><strong>sua</strong></span> <span class='ocrx_word' id='word_1_309' title='bbox 945 2386 1062 2454; x_wconf 77' lang='lat' dir='ltr'><strong>1‚3o,t;</strong></span> <span class='ocrx_word' id='word_1_310' title='bbox 1081 2387 1212 2457; x_wconf 88' lang='lat' dir='ltr'><strong>quicum</strong></span> <span class='ocrx_word' id='word_1_311' title='bbox 1230 2400 1265 2440; x_wconf 82' lang='lat' dir='ltr'><strong>ex</strong></span> <span class='ocrx_word' id='word_1_312' title='bbox 1283 2383 1350 2456; x_wconf 86' lang='lat' dir='ltr'><strong>iuga</strong></span> <span class='ocrx_word' id='word_1_313' title='bbox 1368 2383 1534 2456; x_wconf 90' lang='lat' dir='ltr'><strong>Pompeium</strong></span> <span class='ocrx_word' id='word_1_314' title='bbox 1552 2401 1695 2456; x_wconf 89' lang='lat' dir='ltr'><strong>sequeren-</strong></span> 
     </span>
     <span class='ocr_line' id='line_1_26' title="bbox 149 2469 1696 2544; baseline -0.001 -16"><span class='ocrx_word' id='word_1_315' title='bbox 149 2487 232 2544; x_wconf 88' lang='lat' dir='ltr'><strong>opera</strong></span> <span class='ocrx_word' id='word_1_316' title='bbox 256 2473 286 2528; x_wconf 92' lang='lat' dir='ltr'><strong>in</strong></span> <span class='ocrx_word' id='word_1_317' title='bbox 307 2471 382 2528; x_wconf 92' lang='lat' dir='ltr'><strong>bello</strong></span> <span class='ocrx_word' id='word_1_318' title='bbox 408 2470 450 2526; x_wconf 89' lang='lat' dir='ltr'><strong>uti</strong></span> <span class='ocrx_word' id='word_1_319' title='bbox 472 2469 564 2525; x_wconf 82' lang='lat' dir='ltr'><strong>uellet</strong></span> <span class='ocrx_word' id='word_1_320' title='bbox 589 2511 595 2525; x_wconf 93' lang='lat'>.</span> <span class='ocrx_word' id='word_1_321' title='bbox 614 2511 620 2526; x_wconf 91' lang='lat'><em>.</em></span> <span class='ocrx_word' id='word_1_322' title='bbox 640 2513 646 2526; x_wconf 94' lang='lat'><em>.</em></span> <span class='ocrx_word' id='word_1_323' title='bbox 669 2475 805 2527; x_wconf 90' lang='lat' dir='ltr'><strong>statuerat</strong></span> <span class='ocrx_word' id='word_1_324' title='bbox 828 2472 902 2527; x_wconf 90' lang='lat' dir='ltr'><strong>enim</strong></span> <span class='ocrx_word' id='word_1_325' title='bbox 945 2476 991 2526; x_wconf 88' lang='lat' dir='ltr'><strong>tur</strong></span> <span class='ocrx_word' id='word_1_326' title='bbox 1009 2476 1092 2543; x_wconf 86' lang='lat' dir='ltr'><strong>atque</strong></span> <span class='ocrx_word' id='word_1_327' title='bbox 1108 2471 1138 2526; x_wconf 94' lang='lat' dir='ltr'><strong>in</strong></span> <span class='ocrx_word' id='word_1_328' title='bbox 1153 2470 1273 2526; x_wconf 89' lang='lat' dir='ltr'><strong>insulam</strong></span> <span class='ocrx_word' id='word_1_329' title='bbox 1286 2470 1436 2538; x_wconf 90' lang='lat' dir='ltr'><strong>uenissent,</strong></span> <span class='ocrx_word' id='word_1_330' title='bbox 1454 2470 1557 2543; x_wconf 92' lang='lat' dir='ltr'><strong>oppido</strong></span> <span class='ocrx_word' id='word_1_331' title='bbox 1568 2487 1601 2526; x_wconf 88' lang='lat' dir='ltr'><strong>ac</strong></span> <span class='ocrx_word' id='word_1_332' title='bbox 1613 2476 1696 2543; x_wconf 90' lang='lat' dir='ltr'><strong>portu</strong></span> 
     </span>
     <span class='ocr_line' id='line_1_27' title="bbox 149 2553 1697 2631; baseline 0 -17"><span class='ocrx_word' id='word_1_333' title='bbox 149 2559 225 2631; x_wconf 91' lang='lat' dir='ltr'><strong>prius</strong></span> <span class='ocrx_word' id='word_1_334' title='bbox 242 2558 304 2614; x_wconf 91' lang='lat' dir='ltr'><strong>hos</strong></span> <span class='ocrx_word' id='word_1_335' title='bbox 323 2558 337 2630; x_wconf 90' lang='lat'><strong>(</strong></span> <span class='ocrx_word' id='word_1_336' title='bbox 343 2557 395 2612; x_wconf 72' lang='lat'><strong>0¹12</strong></span> <span class='ocrx_word' id='word_1_337' title='bbox 400 2579 410 2622; x_wconf 89' lang='lat'><strong>,·</strong></span> <span class='ocrx_word' id='word_1_338' title='bbox 428 2557 480 2611; x_wconf 90' lang='lat' dir='ltr'><strong>hoc</strong></span> <span class='ocrx_word' id='word_1_339' title='bbox 491 2553 566 2626; x_wconf 79' lang='lat' dir='ltr'><strong>rell.)</strong></span> <span class='ocrx_word' id='word_1_340' title='bbox 581 2554 684 2611; x_wconf 90' lang='lat' dir='ltr'><strong>iudicio</strong></span> <span class='ocrx_word' id='word_1_341' title='bbox 696 2556 791 2628; x_wconf 88' lang='lat' dir='ltr'><strong>populi</strong></span> <span class='ocrx_word' id='word_1_342' title='bbox 805 2556 903 2613; x_wconf 88' lang='lat' dir='ltr'><strong>debere</strong></span> <span class='ocrx_word' id='word_1_343' title='bbox 946 2557 1048 2630; x_wconf 86' lang='lat' dir='ltr'><strong>recepti</strong></span> <span class='ocrx_word' id='word_1_344' title='bbox 1065 2573 1122 2612; x_wconf 92' lang='lat' dir='ltr'><strong>non</strong></span> <span class='ocrx_word' id='word_1_345' title='bbox 1138 2561 1229 2613; x_wconf 88' lang='lat' dir='ltr'><strong>erant:</strong></span> <span class='ocrx_word' id='word_1_346' title='bbox 1241 2556 1376 2625; x_wconf 79' lang='lat'><strong>3,102,7;</strong></span> <span class='ocrx_word' id='word_1_347' title='bbox 1394 2585 1428 2596; x_wconf 89' lang='lat'><em>—</em></span> <span class='ocrx_word' id='word_1_348' title='bbox 1444 2556 1600 2612; x_wconf 84' lang='lat' dir='ltr'><strong>confirmari</strong></span> <span class='ocrx_word' id='word_1_349' title='bbox 1617 2574 1697 2630; x_wconf 90' lang='lat' dir='ltr'><strong>opor·</strong></span> 
     </span>
     <span class='ocr_line' id='line_1_28' title="bbox 149 2641 1696 2716; baseline 0 -16"><span class='ocrx_word' id='word_1_350' title='bbox 149 2645 257 2700; x_wconf 87' lang='lat' dir='ltr'><strong>restitui</strong></span> <span class='ocrx_word' id='word_1_351' title='bbox 274 2660 360 2716; x_wconf 89' lang='lat' dir='ltr'><strong>quam</strong></span> <span class='ocrx_word' id='word_1_352' title='bbox 378 2659 429 2699; x_wconf 90' lang='lat' dir='ltr'><strong>suo</strong></span> <span class='ocrx_word' id='word_1_353' title='bbox 449 2641 579 2698; x_wconf 88' lang='lat' dir='ltr'><strong>beneficio</strong></span> <span class='ocrx_word' id='word_1_354' title='bbox 596 2641 684 2697; x_wconf 88' lang='lat' dir='ltr'><strong>uideri</strong></span> <span class='ocrx_word' id='word_1_355' title='bbox 702 2647 826 2714; x_wconf 88' lang='lat' dir='ltr'><strong>receptos</strong></span> <span class='ocrx_word' id='word_1_356' title='bbox 845 2643 902 2713; x_wconf 90' lang='lat' dir='ltr'><strong>(re-</strong></span> <span class='ocrx_word' id='word_1_357' title='bbox 944 2647 1016 2712; x_wconf 88' lang='lat' dir='ltr'><strong>tere,</strong></span> <span class='ocrx_word' id='word_1_358' title='bbox 1033 2660 1068 2700; x_wconf 91' lang='lat' dir='ltr'><strong>ne</strong></span> <span class='ocrx_word' id='word_1_359' title='bbox 1085 2647 1181 2698; x_wconf 88' lang='lat' dir='ltr'><strong>tecto</strong></span> <span class='ocrx_word' id='word_1_360' title='bbox 1197 2642 1358 2713; x_wconf 90' lang='lat' dir='ltr'><strong>recipiatur,</strong></span> <span class='ocrx_word' id='word_1_361' title='bbox 1375 2657 1411 2696; x_wconf 91' lang='lat' dir='ltr'><strong>ne</strong></span> <span class='ocrx_word' id='word_1_362' title='bbox 1427 2642 1463 2697; x_wconf 88' lang='lat' dir='ltr'><strong>ad</strong></span> <span class='ocrx_word' id='word_1_363' title='bbox 1481 2641 1590 2712; x_wconf 87' lang='lat' dir='ltr'><strong>liberos,</strong></span> <span class='ocrx_word' id='word_1_364' title='bbox 1607 2660 1643 2700; x_wconf 91' lang='lat' dir='ltr'><strong>ne</strong></span> <span class='ocrx_word' id='word_1_365' title='bbox 1660 2645 1696 2700; x_wconf 90' lang='lat' dir='ltr'><strong>ad</strong></span> 
     </span>
     <span class='ocr_line' id='line_1_29' title="bbox 149 2727 1697 2802; baseline 0 -15"><span class='ocrx_word' id='word_1_366' title='bbox 149 2735 243 2802; x_wconf 88' lang='lat' dir='ltr'><strong>captas</strong></span> <span class='ocrx_word' id='word_1_367' title='bbox 261 2730 319 2802; x_wconf 61' lang='grc' dir='ltr'><strong>ωε</strong></span> <span class='ocrx_word' id='word_1_368' title='bbox 337 2732 432 2799; x_wconf 81' lang='grc'><strong>3,1,6.</strong></span> <span class='ocrx_word' id='word_1_369' title='bbox 945 2733 1085 2802; x_wconf 87' lang='lat' dir='ltr'><strong>parentes,</strong></span> <span class='ocrx_word' id='word_1_370' title='bbox 1108 2728 1144 2783; x_wconf 90' lang='lat' dir='ltr'><strong>ad</strong></span> <span class='ocrx_word' id='word_1_371' title='bbox 1169 2744 1284 2784; x_wconf 89' lang='lat' dir='ltr'><strong>uxorem</strong></span> <span class='ocrx_word' id='word_1_372' title='bbox 1309 2729 1356 2800; x_wconf 86' lang='lat' dir='ltr'><strong>(c)</strong></span> <span class='ocrx_word' id='word_1_373' title='bbox 1376 2727 1483 2783; x_wconf 87' lang='lat' dir='ltr'><strong>aditum</strong></span> <span class='ocrx_word' id='word_1_374' title='bbox 1507 2727 1621 2799; x_wconf 84' lang='lat' dir='ltr'><strong>lrabeat,</strong></span> <span class='ocrx_word' id='word_1_375' title='bbox 1647 2731 1697 2802; x_wconf 91' lang='lat' dir='ltr'><strong>qui</strong></span> 
     </span>
     <span class='ocr_line' id='line_1_30' title="bbox 183 2809 1697 2888; baseline 0 -15"><span class='ocrx_word' id='word_1_376' title='bbox 183 2818 213 2873; x_wconf 72' lang='lat' dir='ltr'><strong>i.</strong></span> <span class='ocrx_word' id='word_1_377' title='bbox 238 2817 353 2887; x_wconf 72' lang='lat' dir='ltr'><strong>syllaba</strong></span> <span class='ocrx_word' id='word_1_378' title='bbox 375 2831 413 2873; x_wconf 92' lang='lat' dir='ltr'><strong>re</strong></span> <span class='ocrx_word' id='word_1_379' title='bbox 435 2829 531 2883; x_wconf 87' lang='lat' dir='ltr'><strong>neque</strong></span> <span class='ocrx_word' id='word_1_380' title='bbox 553 2813 630 2872; x_wconf 89' lang='lat' dir='ltr'><strong>idem</strong></span> <span class='ocrx_word' id='word_1_381' title='bbox 652 2815 799 2883; x_wconf 71' lang='lat' dir='ltr'><strong>dgnlicat</strong></span> <span class='ocrx_word' id='word_1_382' title='bbox 824 2817 902 2886; x_wconf 89' lang='lat' dir='ltr'><strong>qnod</strong></span> <span class='ocrx_word' id='word_1_383' title='bbox 944 2831 1001 2870; x_wconf 91' lang='lat' dir='ltr'><strong>non</strong></span> <span class='ocrx_word' id='word_1_384' title='bbox 1028 2815 1071 2870; x_wconf 88' lang='lat' dir='ltr'><strong>bis</strong></span> <span class='ocrx_word' id='word_1_385' title='bbox 1098 2816 1143 2887; x_wconf 86' lang='lat' dir='ltr'><strong>(o)</strong></span> <span class='ocrx_word' id='word_1_386' title='bbox 1170 2831 1219 2887; x_wconf 85' lang='lat' dir='ltr'><strong>per</strong></span> <span class='ocrx_word' id='word_1_387' title='bbox 1245 2809 1344 2888; x_wconf 85' lang='lat' dir='ltr'><strong>agmen</strong></span> <span class='ocrx_word' id='word_1_388' title='bbox 1372 2813 1494 2869; x_wconf 90' lang='lat' dir='ltr'><strong>hostium</strong></span> <span class='ocrx_word' id='word_1_389' title='bbox 1518 2815 1697 2888; x_wconf 86' lang='lat' dir='ltr'><strong>perequitarit</strong></span> 
     </span>
     <span class='ocr_line' id='line_1_31' title="bbox 92 2895 1659 2973; baseline -0.001 -14"><span class='ocrx_word' id='word_1_390' title='bbox 92 2895 94 2901; x_wconf 37' lang='lat'>⁸</span> <span class='ocrx_word' id='word_1_391' title='bbox 149 2907 249 2962; x_wconf 90' lang='lat' dir='ltr'><strong>retro</strong></span> <span class='ocrx_word' id='word_1_392' title='bbox 271 2916 364 2971; x_wconf 88' lang='lat' dir='ltr'><strong>neque</strong></span> <span class='ocrx_word' id='word_1_393' title='bbox 381 2901 458 2958; x_wconf 90' lang='lat' dir='ltr'><strong>idem</strong></span> <span class='ocrx_word' id='word_1_394' title='bbox 477 2901 554 2970; x_wconf 87' lang='lat' dir='ltr'><strong>quod</strong></span> <span class='ocrx_word' id='word_1_395' title='bbox 571 2915 712 2964; x_wconf 82' lang='lat' dir='ltr'><strong>rursus:</strong></span> <span class='ocrx_word' id='word_1_396' title='bbox 737 2902 902 2972; x_wconf 88' lang='lat' dir='ltr'><strong>recipere</strong></span> <span class='ocrx_word' id='word_1_397' title='bbox 945 2900 1008 2972; x_wconf 88' lang='lat' dir='ltr'><strong>(e):</strong></span> <span class='ocrx_word' id='word_1_398' title='bbox 1026 2900 1184 2971; x_wconf 78' lang='lat' dir='ltr'><strong>vr166,7;</strong></span> <span class='ocrx_word' id='word_1_399' title='bbox 1201 2933 1235 2944; x_wconf 91' lang='lat'><em>-</em></span> <span class='ocrx_word' id='word_1_400' title='bbox 1252 2901 1349 2957; x_wconf 90' lang='lat' dir='ltr'><strong>urbe:</strong></span> <span class='ocrx_word' id='word_1_401' title='bbox 1369 2900 1511 2969; x_wconf 76' lang='grc' dir='ltr'>1,35,5ιι.</span> <span class='ocrx_word' id='word_1_402' title='bbox 1525 2902 1659 2973; x_wconf 87' lang='lat' dir='ltr'><strong>portibus.</strong></span> 
     </span>
     <span class='ocr_line' id='line_1_32' title="bbox 148 2985 1695 3059; baseline -0.001 -13"><span class='ocrx_word' id='word_1_403' title='bbox 148 2990 184 3047; x_wconf 79' lang='lat' dir='ltr'><strong>d.</strong></span> <span class='ocrx_word' id='word_1_404' title='bbox 198 3013 229 3041; x_wconf 91' lang='lat'>=</span> <span class='ocrx_word' id='word_1_405' title='bbox 243 2990 375 3058; x_wconf 87' lang='lat' dir='ltr'><strong>excipere</strong></span> <span class='ocrx_word' id='word_1_406' title='bbox 403 2985 572 3057; x_wconf 83' lang='lat' dir='ltr'><strong>(bospitio),</strong></span> <span class='ocrx_word' id='word_1_407' title='bbox 596 2987 729 3056; x_wconf 84' lang='lat' dir='ltr'><strong>accipere</strong></span> <span class='ocrx_word' id='word_1_408' title='bbox 753 2989 785 3043; x_wconf 90' lang='lat' dir='ltr'><strong>in</strong></span> <span class='ocrx_word' id='word_1_409' title='bbox 811 2988 903 3045; x_wconf 86' lang='lat' dir='ltr'><strong>socie·</strong></span> <span class='ocrx_word' id='word_1_410' title='bbox 981 2987 1017 3042; x_wconf 87' lang='lat' dir='ltr'><strong>ad</strong></span> <span class='ocrx_word' id='word_1_411' title='bbox 1040 3003 1104 3044; x_wconf 92' lang='lat' dir='ltr'><strong>eum</strong></span> <span class='ocrx_word' id='word_1_412' title='bbox 1127 2987 1342 3058; x_wconf 72' lang='lat' dir='ltr'><strong>(Ptolomaeum)</strong></span> <span class='ocrx_word' id='word_1_413' title='bbox 1369 2986 1519 3059; x_wconf 89' lang='lat' dir='ltr'><strong>Pompeius</strong></span> <span class='ocrx_word' id='word_1_414' title='bbox 1544 2986 1636 3057; x_wconf 86' lang='lat' dir='ltr'><strong>misit,</strong></span> <span class='ocrx_word' id='word_1_415' title='bbox 1661 2993 1695 3044; x_wconf 89' lang='lat' dir='ltr'><strong>ut</strong></span> 
     </span>
     <span class='ocr_line' id='line_1_33' title="bbox 149 3072 1696 3147; baseline -0.002 -14"><span class='ocrx_word' id='word_1_416' title='bbox 149 3079 254 3147; x_wconf 85' lang='lat' dir='ltr'><strong>tatem,</strong></span> <span class='ocrx_word' id='word_1_417' title='bbox 272 3075 328 3131; x_wconf 89' lang='lat' dir='ltr'><strong>sibi</strong></span> <span class='ocrx_word' id='word_1_418' title='bbox 341 3074 512 3143; x_wconf 81' lang='lat' dir='ltr'><strong>adiungere,</strong></span> <span class='ocrx_word' id='word_1_419' title='bbox 529 3073 623 3143; x_wconf 77' lang='lat' dir='ltr'><strong>tueri:</strong></span> <span class='ocrx_word' id='word_1_420' title='bbox 640 3074 672 3141; x_wconf 91' lang='lat' dir='ltr'><strong>a)</strong></span> <span class='ocrx_word' id='word_1_421' title='bbox 685 3074 781 3143; x_wconf 78' lang='lat' dir='ltr'><strong>aiqm:</strong></span> <span class='ocrx_word' id='word_1_422' title='bbox 800 3077 834 3144; x_wconf 89' lang='grc' dir='ltr'><strong>α)</strong></span> <span class='ocrx_word' id='word_1_423' title='bbox 846 3089 903 3132; x_wconf 88' lang='lat' dir='ltr'><strong>non</strong></span> <span class='ocrx_word' id='word_1_424' title='bbox 945 3089 996 3145; x_wconf 89' lang='lat' dir='ltr'><strong>pro</strong></span> <span class='ocrx_word' id='word_1_425' title='bbox 1025 3073 1145 3147; x_wconf 89' lang='lat' dir='ltr'><strong>hospitio</strong></span> <span class='ocrx_word' id='word_1_426' title='bbox 1175 3080 1259 3146; x_wconf 89' lang='lat' dir='ltr'><strong>atque</strong></span> <span class='ocrx_word' id='word_1_427' title='bbox 1285 3072 1408 3129; x_wconf 91' lang='lat' dir='ltr'><strong>amicitia</strong></span> <span class='ocrx_word' id='word_1_428' title='bbox 1433 3074 1520 3145; x_wconf 86' lang='lat' dir='ltr'><strong>patris</strong></span> <span class='ocrx_word' id='word_1_429' title='bbox 1546 3073 1696 3130; x_wconf 85' lang='lat' dir='ltr'><strong>Alexan·</strong></span> 
     </span>
     <span class='ocr_line' id='line_1_34' title="bbox 150 3157 1696 3233; baseline -0.003 -12"><span class='ocrx_word' id='word_1_430' title='bbox 150 3164 282 3233; x_wconf 75' lang='lat' dir='ltr'><strong>additur,</strong></span> <span class='ocrx_word' id='word_1_431' title='bbox 296 3177 352 3231; x_wconf 89' lang='lat' dir='ltr'><strong>quc</strong></span> <span class='ocrx_word' id='word_1_432' title='bbox 365 3158 621 3230; x_wconf 85' lang='lat' dir='ltr'><strong>qulsreelpiatur:</strong></span> <span class='ocrx_word' id='word_1_433' title='bbox 634 3159 902 3232; x_wconf 69' lang='lat' dir='ltr'><strong>aquibusfflugam-</strong></span> <span class='ocrx_word' id='word_1_434' title='bbox 945 3157 1020 3214; x_wconf 92' lang='lat' dir='ltr'><strong>dria</strong></span> <span class='ocrx_word' id='word_1_435' title='bbox 1050 3160 1173 3232; x_wconf 88' lang='lat' dir='ltr'><strong>(·driam</strong></span> <span class='ocrx_word' id='word_1_436' title='bbox 1199 3159 1288 3231; x_wconf 81' lang='lat' dir='ltr'><strong>Paul)</strong></span> <span class='ocrx_word' id='word_1_437' title='bbox 1319 3159 1484 3232; x_wconf 88' lang='lat' dir='ltr'><strong>reciperetur</strong></span> <span class='ocrx_word' id='word_1_438' title='bbox 1510 3164 1595 3231; x_wconf 87' lang='lat' dir='ltr'><strong>atque</strong></span> <span class='ocrx_word' id='word_1_439' title='bbox 1620 3160 1696 3216; x_wconf 90' lang='lat' dir='ltr'><strong>illius</strong></span> 
     </span>
     <span class='ocr_line' id='line_1_35' title="bbox 149 3243 1695 3320; baseline -0.002 -15"><span class='ocrx_word' id='word_1_440' title='bbox 149 3250 217 3319; x_wconf 92' lang='lat' dir='ltr'><strong>bris)</strong></span> <span class='ocrx_word' id='word_1_441' title='bbox 235 3251 358 3320; x_wconf 86' lang='lat' dir='ltr'><strong>receptos</strong></span> <span class='ocrx_word' id='word_1_442' title='bbox 378 3261 413 3301; x_wconf 83' lang='lat' dir='ltr'><strong>er</strong></span> <span class='ocrx_word' id='word_1_443' title='bbox 430 3243 499 3317; x_wconf 83' lang='lat' dir='ltr'><strong>iuga</strong></span> <span class='ocrx_word' id='word_1_444' title='bbox 509 3243 658 3300; x_wconf 85' lang='lat' dir='ltr'><strong>Tencteros</strong></span> <span class='ocrx_word' id='word_1_445' title='bbox 676 3249 760 3316; x_wconf 89' lang='lat' dir='ltr'><strong>atque</strong></span> <span class='ocrx_word' id='word_1_446' title='bbox 772 3245 901 3318; x_wconf 86' lang='lat' dir='ltr'><strong>Vsipetes</strong></span> <span class='ocrx_word' id='word_1_447' title='bbox 944 3244 1044 3317; x_wconf 90' lang='lat' dir='ltr'><strong>opibus</strong></span> <span class='ocrx_word' id='word_1_448' title='bbox 1068 3245 1097 3300; x_wconf 89' lang='lat' dir='ltr'><strong>in</strong></span> <span class='ocrx_word' id='word_1_449' title='bbox 1122 3245 1280 3302; x_wconf 86' lang='lat' dir='ltr'><strong>calamitate</strong></span> <span class='ocrx_word' id='word_1_450' title='bbox 1301 3250 1450 3317; x_wconf 87' lang='lat' dir='ltr'><strong>tegeretur:</strong></span> <span class='ocrx_word' id='word_1_451' title='bbox 1468 3245 1604 3314; x_wconf 82' lang='lat' dir='ltr'><strong>3,103,e;</strong></span> <span class='ocrx_word' id='word_1_452' title='bbox 1630 3263 1695 3302; x_wconf 90' lang='lat' dir='ltr'><strong>cum</strong></span> 
     </span>
     <span class='ocr_line' id='line_1_36' title="bbox 149 3329 1696 3407; baseline -0.003 -16"><span class='ocrx_word' id='word_1_453' title='bbox 149 3351 235 3407; x_wconf 88' lang='lat' dir='ltr'><strong>supra</strong></span> <span class='ocrx_word' id='word_1_454' title='bbox 257 3333 417 3390; x_wconf 88' lang='lat' dir='ltr'><strong>docuimus:</strong></span> <span class='ocrx_word' id='word_1_455' title='bbox 435 3330 572 3399; x_wconf 79' lang='lat' dir='ltr'><strong>vleo,a;</strong></span> <span class='ocrx_word' id='word_1_456' title='bbox 595 3329 642 3386; x_wconf 90' lang='lat' dir='ltr'><strong>hic</strong></span> <span class='ocrx_word' id='word_1_457' title='bbox 659 3345 725 3386; x_wconf 91' lang='lat' dir='ltr'><strong>uero</strong></span> <span class='ocrx_word' id='word_1_458' title='bbox 743 3330 823 3386; x_wconf 88' lang='lat' dir='ltr'><strong>nulla</strong></span> <span class='ocrx_word' id='word_1_459' title='bbox 841 3348 902 3387; x_wconf 89' lang='lat' dir='ltr'><strong>mu·</strong></span> <span class='ocrx_word' id='word_1_460' title='bbox 944 3371 951 3386; x_wconf 92' lang='lat'><strong>.</strong></span> <span class='ocrx_word' id='word_1_461' title='bbox 978 3372 985 3387; x_wconf 90' lang='lat'>.</span> <span class='ocrx_word' id='word_1_462' title='bbox 1009 3371 1016 3386; x_wconf 94' lang='lat'><em>.</em></span> <span class='ocrx_word' id='word_1_463' title='bbox 1039 3332 1234 3404; x_wconf 89' lang='lat' dir='ltr'><strong>cognouissent</strong></span> <span class='ocrx_word' id='word_1_464' title='bbox 1255 3331 1431 3387; x_wconf 83' lang='lat' dir='ltr'><strong>lltauiocum</strong></span> <span class='ocrx_word' id='word_1_465' title='bbox 1458 3330 1620 3388; x_wconf 89' lang='lat' dir='ltr'><strong>Bibracte</strong></span> <span class='ocrx_word' id='word_1_466' title='bbox 1647 3329 1696 3407; x_wconf 73' lang='grc' dir='ltr'><strong>(βς</strong></span> 
     </span>
     <span class='ocr_line' id='line_1_37' title="bbox 148 3415 1696 3491; baseline -0.003 -13"><span class='ocrx_word' id='word_1_467' title='bbox 148 3423 220 3478; x_wconf 87' lang='lat' dir='ltr'><strong>nitio</strong></span> <span class='ocrx_word' id='word_1_468' title='bbox 247 3425 305 3490; x_wconf 90' lang='lat' dir='ltr'><strong>est,</strong></span> <span class='ocrx_word' id='word_1_469' title='bbox 334 3434 405 3491; x_wconf 85' lang='lat' dir='ltr'><strong>quae</strong></span> <span class='ocrx_word' id='word_1_470' title='bbox 431 3416 590 3490; x_wconf 85' lang='lat' dir='ltr'><strong>perterritos</strong></span> <span class='ocrx_word' id='word_1_471' title='bbox 619 3415 743 3486; x_wconf 90' lang='lat' dir='ltr'><strong>(milites)</strong></span> <span class='ocrx_word' id='word_1_472' title='bbox 772 3417 900 3489; x_wconf 86' lang='lat' dir='ltr'><strong>recipiat:</strong></span> <span class='ocrx_word' id='word_1_473' title='bbox 944 3417 1061 3474; x_wconf 88' lang='lat' dir='ltr'><strong>bibracti</strong></span> <span class='ocrx_word' id='word_1_474' title='bbox 1083 3434 1117 3486; x_wconf 83' lang='grc' dir='ltr'><strong>α;</strong></span> <span class='ocrx_word' id='word_1_475' title='bbox 1140 3418 1213 3490; x_wconf 72' lang='lat' dir='ltr'><strong>eda&gt;</strong></span> <span class='ocrx_word' id='word_1_476' title='bbox 1243 3417 1279 3472; x_wconf 88' lang='lat' dir='ltr'><strong>ab</strong></span> <span class='ocrx_word' id='word_1_477' title='bbox 1303 3416 1430 3473; x_wconf 88' lang='lat' dir='ltr'><strong>Haeduis</strong></span> <span class='ocrx_word' id='word_1_478' title='bbox 1457 3421 1610 3489; x_wconf 89' lang='lat' dir='ltr'><strong>receptum:</strong></span> <span class='ocrx_word' id='word_1_479' title='bbox 1634 3417 1696 3474; x_wconf 87' lang='lat' dir='ltr'><strong>VII</strong></span> 
     </span>
     <span class='ocr_line' id='line_1_38' title="bbox 149 3501 1022 3576; baseline -0.006 -11"><span class='ocrx_word' id='word_1_480' title='bbox 149 3507 288 3576; x_wconf 66' lang='lat' dir='ltr'><strong>vicem</strong></span> <span class='ocrx_word' id='word_1_481' title='bbox 316 3503 346 3560; x_wconf 82' lang='lat' dir='ltr'><strong>isi</strong></span> <span class='ocrx_word' id='word_1_482' title='bbox 372 3501 623 3574; x_wconf 83' lang='lat' dir='ltr'><strong>(Mandubii)</strong></span> <span class='ocrx_word' id='word_1_483' title='bbox 648 3502 744 3558; x_wconf 84' lang='lat' dir='ltr'><strong>tientes</strong></span> <span class='ocrx_word' id='word_1_484' title='bbox 771 3503 901 3560; x_wconf 89' lang='lat' dir='ltr'><strong>omnibus</strong></span> <span class='ocrx_word' id='word_1_485' title='bbox 944 3505 987 3572; x_wconf 78' lang='lat'><strong>55,</strong></span> <span class='ocrx_word' id='word_1_486' title='bbox 996 3505 1022 3560; x_wconf 83' lang='lat'><strong>4.</strong></span> 
     </span>
     <span class='ocr_line' id='line_1_39' title="bbox 149 3586 1696 3666; baseline -0.003 -17"><span class='ocrx_word' id='word_1_487' title='bbox 149 3593 277 3666; x_wconf 88' lang='lat' dir='ltr'><strong>precibus</strong></span> <span class='ocrx_word' id='word_1_488' title='bbox 297 3591 413 3647; x_wconf 87' lang='lat' dir='ltr'><strong>orabant</strong></span> <span class='ocrx_word' id='word_1_489' title='bbox 432 3589 488 3661; x_wconf 88' lang='lat' dir='ltr'><strong>(c),</strong></span> <span class='ocrx_word' id='word_1_490' title='bbox 506 3593 540 3643; x_wconf 87' lang='lat' dir='ltr'><strong>ut</strong></span> <span class='ocrx_word' id='word_1_491' title='bbox 557 3587 697 3657; x_wconf 86' lang='lat' dir='ltr'><strong>(Romani)</strong></span> <span class='ocrx_word' id='word_1_492' title='bbox 716 3605 746 3644; x_wconf 91' lang='lat' dir='ltr'><strong>se</strong></span> <span class='ocrx_word' id='word_1_493' title='bbox 769 3589 799 3644; x_wconf 89' lang='lat' dir='ltr'><strong>iu</strong></span> <span class='ocrx_word' id='word_1_494' title='bbox 817 3589 901 3646; x_wconf 91' lang='lat' dir='ltr'><strong>serui·</strong></span> <span class='ocrx_word' id='word_1_495' title='bbox 978 3586 1030 3664; x_wconf 77' lang='grc' dir='ltr'><strong>ββ)</strong></span> <span class='ocrx_word' id='word_1_496' title='bbox 1053 3603 1130 3647; x_wconf 85' lang='lat' dir='ltr'><strong>aec.:</strong></span> <span class='ocrx_word' id='word_1_497' title='bbox 1156 3588 1407 3645; x_wconf 83' lang='lat' dir='ltr'><strong>Alexandriam</strong></span> <span class='ocrx_word' id='word_1_498' title='bbox 1432 3590 1468 3659; x_wconf 83' lang='lat'><strong>(3,</strong></span> <span class='ocrx_word' id='word_1_499' title='bbox 1477 3589 1537 3657; x_wconf 82' lang='lat'><strong>103,</strong></span> <span class='ocrx_word' id='word_1_500' title='bbox 1546 3589 1574 3658; x_wconf 87' lang='lat'><strong>3)</strong></span> <span class='ocrx_word' id='word_1_501' title='bbox 1596 3593 1622 3644; x_wconf 86' lang='lat' dir='ltr'><strong>at</strong></span> <span class='ocrx_word' id='word_1_502' title='bbox 1645 3589 1696 3645; x_wconf 91' lang='lat' dir='ltr'><strong>Bi·</strong></span> 
     </span>
     <span class='ocr_line' id='line_1_40' title="bbox 150 3674 1694 3750; baseline -0.005 -14"><span class='ocrx_word' id='word_1_503' title='bbox 150 3683 241 3736; x_wconf 91' lang='lat' dir='ltr'><strong>tutem</strong></span> <span class='ocrx_word' id='word_1_504' title='bbox 264 3683 386 3750; x_wconf 91' lang='lat' dir='ltr'><strong>receptos</strong></span> <span class='ocrx_word' id='word_1_505' title='bbox 404 3675 468 3731; x_wconf 92' lang='lat' dir='ltr'><strong>cibo</strong></span> <span class='ocrx_word' id='word_1_506' title='bbox 484 3675 623 3731; x_wconf 88' lang='lat' dir='ltr'><strong>iuuarent.</strong></span> <span class='ocrx_word' id='word_1_507' title='bbox 641 3680 673 3730; x_wconf 91' lang='lat' dir='ltr'><strong>at</strong></span> <span class='ocrx_word' id='word_1_508' title='bbox 691 3675 793 3731; x_wconf 77' lang='lat' dir='ltr'><strong>Caesar</strong></span> <span class='ocrx_word' id='word_1_509' title='bbox 810 3675 901 3748; x_wconf 89' lang='lat' dir='ltr'><strong>dispo-</strong></span> <span class='ocrx_word' id='word_1_510' title='bbox 943 3675 1063 3733; x_wconf 89' lang='lat' dir='ltr'><strong>bracte</strong></span> <span class='ocrx_word' id='word_1_511' title='bbox 1081 3674 1152 3746; x_wconf 87' lang='lat' dir='ltr'><strong>(VII</strong></span> <span class='ocrx_word' id='word_1_512' title='bbox 1163 3676 1206 3745; x_wconf 79' lang='lat' dir='ltr'><strong>to,</strong></span> <span class='ocrx_word' id='word_1_513' title='bbox 1214 3675 1242 3745; x_wconf 80' lang='lat'><strong>4)</strong></span> <span class='ocrx_word' id='word_1_514' title='bbox 1265 3691 1316 3730; x_wconf 85' lang='lat' dir='ltr'><strong>seo.</strong></span> <span class='ocrx_word' id='word_1_515' title='bbox 1333 3674 1407 3730; x_wconf 78' lang='lat' dir='ltr'><strong>Paul</strong></span> <span class='ocrx_word' id='word_1_516' title='bbox 1429 3691 1457 3731; x_wconf 86' lang='lat' dir='ltr'><strong>u.</strong></span> <span class='ocrx_word' id='word_1_517' title='bbox 1479 3679 1536 3746; x_wconf 84' lang='grc' dir='ltr'><strong>αα)</strong></span> <span class='ocrx_word' id='word_1_518' title='bbox 1553 3679 1635 3742; x_wconf 72' lang='lat' dir='ltr'><strong>cata:</strong></span> <span class='ocrx_word' id='word_1_519' title='bbox 1663 3708 1694 3716; x_wconf 98' lang='lat'><em>-</em></span> 
     </span>
     <span class='ocr_line' id='line_1_41' title="bbox 152 3755 1334 3836; baseline -0.004 -15"><span class='ocrx_word' id='word_1_520' title='bbox 152 3766 213 3822; x_wconf 89' lang='lat' dir='ltr'><strong>sitis</strong></span> <span class='ocrx_word' id='word_1_521' title='bbox 230 3765 261 3820; x_wconf 92' lang='lat' dir='ltr'><strong>iu</strong></span> <span class='ocrx_word' id='word_1_522' title='bbox 278 3763 353 3820; x_wconf 88' lang='lat' dir='ltr'><strong>uallo</strong></span> <span class='ocrx_word' id='word_1_523' title='bbox 371 3760 504 3819; x_wconf 91' lang='lat' dir='ltr'><strong>custodiis</strong></span> <span class='ocrx_word' id='word_1_524' title='bbox 523 3755 572 3836; x_wconf 87' lang='grc' dir='ltr'><strong>&lt;β;</strong></span> <span class='ocrx_word' id='word_1_525' title='bbox 590 3760 756 3818; x_wconf 88' lang='lat' dir='ltr'><strong>custodibus</strong></span> <span class='ocrx_word' id='word_1_526' title='bbox 770 3777 808 3829; x_wconf 69' lang='grc' dir='ltr'><strong>ας</strong></span> <span class='ocrx_word' id='word_1_527' title='bbox 825 3762 898 3834; x_wconf 72' lang='lat' dir='ltr'><strong>eda)</strong></span> <span class='ocrx_word' id='word_1_528' title='bbox 943 3761 1091 3818; x_wconf 91' lang='lat' dir='ltr'><strong>domum:</strong></span> <span class='ocrx_word' id='word_1_529' title='bbox 1109 3762 1212 3830; x_wconf 77' lang='lat'><strong>2,20,5</strong></span> <span class='ocrx_word' id='word_1_530' title='bbox 1228 3777 1257 3816; x_wconf 82' lang='lat' dir='ltr'><strong>ss</strong></span> <span class='ocrx_word' id='word_1_531' title='bbox 1273 3765 1334 3832; x_wconf 79' lang='lat' dir='ltr'><strong>yy).</strong></span> 
     </span>
     <span class='ocr_line' id='line_1_42' title="bbox 151 3846 1697 3924; baseline -0.005 -15"><span class='ocrx_word' id='word_1_532' title='bbox 151 3852 236 3924; x_wconf 83' lang='lat' dir='ltr'><strong>recipi</strong></span> <span class='ocrx_word' id='word_1_533' title='bbox 253 3848 428 3923; x_wconf 88' lang='lat' dir='ltr'><strong>prohibebat:</strong></span> <span class='ocrx_word' id='word_1_534' title='bbox 441 3847 652 3918; x_wconf 80' lang='lat' dir='ltr'><strong>V1178,(4.)5;</strong></span> <span class='ocrx_word' id='word_1_535' title='bbox 668 3853 787 3903; x_wconf 85' lang='lat' dir='ltr'><strong>cunctae</strong></span> <span class='ocrx_word' id='word_1_536' title='bbox 804 3865 900 3904; x_wconf 85' lang='lat' dir='ltr'><strong>earum</strong></span> <span class='ocrx_word' id='word_1_537' title='bbox 977 3850 1028 3921; x_wconf 71' lang='lat' dir='ltr'><strong>W)</strong></span> <span class='ocrx_word' id='word_1_538' title='bbox 1048 3848 1103 3904; x_wconf 92' lang='lat' dir='ltr'><strong>ad:</strong></span> <span class='ocrx_word' id='word_1_539' title='bbox 1128 3847 1280 3920; x_wconf 88' lang='lat' dir='ltr'><strong>Boiosque,</strong></span> <span class='ocrx_word' id='word_1_540' title='bbox 1302 3847 1351 3920; x_wconf 90' lang='lat' dir='ltr'><strong>qui</strong></span> <span class='ocrx_word' id='word_1_541' title='bbox 1369 3891 1376 3904; x_wconf 93' lang='lat'>.</span> <span class='ocrx_word' id='word_1_542' title='bbox 1395 3889 1401 3904; x_wconf 94' lang='lat'>.</span> <span class='ocrx_word' id='word_1_543' title='bbox 1420 3889 1427 3904; x_wconf 91' lang='lat'><strong>.</strong></span> <span class='ocrx_word' id='word_1_544' title='bbox 1445 3850 1475 3904; x_wconf 91' lang='lat' dir='ltr'><strong>in</strong></span> <span class='ocrx_word' id='word_1_545' title='bbox 1498 3863 1597 3919; x_wconf 79' lang='lat' dir='ltr'><strong>agrum</strong></span> <span class='ocrx_word' id='word_1_546' title='bbox 1614 3846 1697 3902; x_wconf 88' lang='lat' dir='ltr'><strong>Nori·</strong></span> 
     </span>
     <span class='ocr_line' id='line_1_43' title="bbox 152 3931 1695 4010; baseline -0.003 -16"><span class='ocrx_word' id='word_1_547' title='bbox 152 3937 296 4010; x_wconf 91' lang='lat' dir='ltr'><strong>regionum</strong></span> <span class='ocrx_word' id='word_1_548' title='bbox 314 3935 503 4008; x_wconf 83' lang='lat' dir='ltr'><strong>praefecturae</strong></span> <span class='ocrx_word' id='word_1_549' title='bbox 519 3931 711 3989; x_wconf 87' lang='lat' dir='ltr'><strong>libentissimis</strong></span> <span class='ocrx_word' id='word_1_550' title='bbox 723 3934 824 3989; x_wconf 91' lang='lat' dir='ltr'><strong>animis</strong></span> <span class='ocrx_word' id='word_1_551' title='bbox 836 3949 901 3989; x_wconf 90' lang='lat' dir='ltr'><strong>eum</strong></span> <span class='ocrx_word' id='word_1_552' title='bbox 942 3951 1007 3990; x_wconf 91' lang='lat' dir='ltr'><strong>cum</strong></span> <span class='ocrx_word' id='word_1_553' title='bbox 1035 3935 1202 3991; x_wconf 78' lang='lat' dir='ltr'><strong>transierant</strong></span> <span class='ocrx_word' id='word_1_554' title='bbox 1224 3975 1231 3990; x_wconf 93' lang='lat'><strong>.</strong></span> <span class='ocrx_word' id='word_1_555' title='bbox 1250 3975 1257 3990; x_wconf 92' lang='lat'><strong>.</strong></span> <span class='ocrx_word' id='word_1_556' title='bbox 1276 3974 1297 4002; x_wconf 93' lang='lat'><strong>.,</strong></span> <span class='ocrx_word' id='word_1_557' title='bbox 1325 3939 1447 4006; x_wconf 88' lang='lat' dir='ltr'><strong>receptos</strong></span> <span class='ocrx_word' id='word_1_558' title='bbox 1474 3933 1515 3989; x_wconf 88' lang='lat' dir='ltr'><strong>ad</strong></span> <span class='ocrx_word' id='word_1_559' title='bbox 1544 3951 1580 3990; x_wconf 95' lang='lat' dir='ltr'><strong>se</strong></span> <span class='ocrx_word' id='word_1_560' title='bbox 1607 3935 1695 3991; x_wconf 90' lang='lat' dir='ltr'><strong>socios</strong></span> 
     </span>
     <span class='ocr_line' id='line_1_44' title="bbox 149 4019 1695 4094; baseline -0.003 -13"><span class='ocrx_word' id='word_1_561' title='bbox 149 4025 323 4089; x_wconf 71' lang='lat' dir='ltr'><strong>(Umorem)</strong></span> <span class='ocrx_word' id='word_1_562' title='bbox 345 4021 484 4094; x_wconf 90' lang='lat' dir='ltr'><strong>recipiunt</strong></span> <span class='ocrx_word' id='word_1_563' title='bbox 505 4019 712 4091; x_wconf 85' lang='lat' dir='ltr'><strong>exercitumque</strong></span> <span class='ocrx_word' id='word_1_564' title='bbox 735 4020 795 4075; x_wconf 90' lang='lat' dir='ltr'><strong>eius</strong></span> <span class='ocrx_word' id='word_1_565' title='bbox 812 4019 901 4075; x_wconf 89' lang='lat' dir='ltr'><strong>omni-</strong></span> <span class='ocrx_word' id='word_1_566' title='bbox 943 4019 995 4075; x_wconf 92' lang='lat' dir='ltr'><strong>sibi</strong></span> <span class='ocrx_word' id='word_1_567' title='bbox 1013 4021 1172 4077; x_wconf 69' lang='lat' dir='ltr'><strong>adscisom</strong></span> <span class='ocrx_word' id='word_1_568' title='bbox 1187 4019 1450 4090; x_wconf 81' lang='lat' dir='ltr'><strong>(Heluetii):15,4;</strong></span> <span class='ocrx_word' id='word_1_569' title='bbox 1467 4021 1508 4075; x_wconf 87' lang='lat' dir='ltr'><strong>ita</strong></span> <span class='ocrx_word' id='word_1_570' title='bbox 1524 4026 1695 4078; x_wconf 78' lang='lat' dir='ltr'><strong>commeatis</strong></span> 
     </span>
     <span class='ocr_line' id='line_1_45' title="bbox 151 4105 1694 4180; baseline -0.002 -14"><span class='ocrx_word' id='word_1_571' title='bbox 151 4111 205 4166; x_wconf 89' lang='lat' dir='ltr'><strong>bus</strong></span> <span class='ocrx_word' id='word_1_572' title='bbox 228 4109 309 4166; x_wconf 88' lang='lat' dir='ltr'><strong>rebus</strong></span> <span class='ocrx_word' id='word_1_573' title='bbox 335 4109 448 4164; x_wconf 89' lang='lat' dir='ltr'><strong>iuuant:</strong></span> <span class='ocrx_word' id='word_1_574' title='bbox 471 4108 497 4177; x_wconf 93' lang='lat'><strong>1,</strong></span> <span class='ocrx_word' id='word_1_575' title='bbox 505 4108 587 4176; x_wconf 79' lang='lat'><strong>15,1;</strong></span> <span class='ocrx_word' id='word_1_576' title='bbox 614 4105 755 4161; x_wconf 89' lang='lat' dir='ltr'><strong>Domitius</strong></span> <span class='ocrx_word' id='word_1_577' title='bbox 780 4106 900 4161; x_wconf 90' lang='lat' dir='ltr'><strong>nauibus</strong></span> <span class='ocrx_word' id='word_1_578' title='bbox 945 4106 1111 4176; x_wconf 86' lang='lat' dir='ltr'><strong>(comitatus</strong></span> <span class='ocrx_word' id='word_1_579' title='bbox 1132 4107 1240 4180; x_wconf 70' lang='lat' dir='ltr'><strong>aceo.)</strong></span> <span class='ocrx_word' id='word_1_580' title='bbox 1264 4113 1292 4163; x_wconf 88' lang='lat' dir='ltr'><strong>et</strong></span> <span class='ocrx_word' id='word_1_581' title='bbox 1309 4105 1357 4178; x_wconf 91' lang='lat' dir='ltr'><strong>qui</strong></span> <span class='ocrx_word' id='word_1_582' title='bbox 1374 4105 1506 4162; x_wconf 63' lang='lat' dir='ltr'><strong>humenti</strong></span> <span class='ocrx_word' id='word_1_583' title='bbox 1524 4107 1633 4178; x_wconf 75' lang='lat' dir='ltr'><strong>(tandi</strong></span> <span class='ocrx_word' id='word_1_584' title='bbox 1649 4107 1694 4180; x_wconf 91' lang='lat' dir='ltr'><strong>N)</strong></span> 
     </span>
     <span class='ocr_line' id='line_1_46' title="bbox 150 4191 1696 4267; baseline -0.001 -15"><span class='ocrx_word' id='word_1_585' title='bbox 150 4197 304 4252; x_wconf 83' lang='lat' dir='ltr'><strong>Massiliam</strong></span> <span class='ocrx_word' id='word_1_586' title='bbox 326 4195 453 4267; x_wconf 83' lang='lat' dir='ltr'><strong>peruenit</strong></span> <span class='ocrx_word' id='word_1_587' title='bbox 475 4199 559 4265; x_wconf 88' lang='lat' dir='ltr'><strong>atque</strong></span> <span class='ocrx_word' id='word_1_588' title='bbox 584 4192 620 4248; x_wconf 89' lang='lat' dir='ltr'><strong>ab</strong></span> <span class='ocrx_word' id='word_1_589' title='bbox 637 4192 672 4247; x_wconf 91' lang='lat' dir='ltr'><strong>iis</strong></span> <span class='ocrx_word' id='word_1_590' title='bbox 691 4192 739 4262; x_wconf 80' lang='lat' dir='ltr'><strong>(b;</strong></span> <span class='ocrx_word' id='word_1_591' title='bbox 757 4191 800 4246; x_wconf 91' lang='lat' dir='ltr'><strong>his</strong></span> <span class='ocrx_word' id='word_1_592' title='bbox 822 4191 915 4263; x_wconf 66' lang='lat' dir='ltr'><strong>Ocri)</strong></span> <span class='ocrx_word' id='word_1_593' title='bbox 943 4209 1028 4248; x_wconf 87' lang='lat' dir='ltr'><strong>causa</strong></span> <span class='ocrx_word' id='word_1_594' title='bbox 1054 4198 1244 4265; x_wconf 88' lang='lat' dir='ltr'><strong>processerant</strong></span> <span class='ocrx_word' id='word_1_595' title='bbox 1268 4198 1331 4250; x_wconf 88' lang='lat' dir='ltr'><strong>tuto</strong></span> <span class='ocrx_word' id='word_1_596' title='bbox 1357 4192 1393 4247; x_wconf 92' lang='lat' dir='ltr'><strong>ad</strong></span> <span class='ocrx_word' id='word_1_597' title='bbox 1416 4209 1446 4248; x_wconf 90' lang='lat' dir='ltr'><strong>se</strong></span> <span class='ocrx_word' id='word_1_598' title='bbox 1467 4192 1563 4264; x_wconf 88' lang='lat' dir='ltr'><strong>recipit</strong></span> <span class='ocrx_word' id='word_1_599' title='bbox 1586 4199 1615 4250; x_wconf 91' lang='lat' dir='ltr'><strong>et</strong></span> <span class='ocrx_word' id='word_1_600' title='bbox 1636 4210 1696 4250; x_wconf 92' lang='lat' dir='ltr'><strong>rem</strong></span> 
     </span>
     <span class='ocr_line' id='line_1_47' title="bbox 150 4277 1695 4355; baseline -0.003 -15"><span class='ocrx_word' id='word_1_601' title='bbox 150 4287 276 4355; x_wconf 85' lang='lat' dir='ltr'><strong>receptus</strong></span> <span class='ocrx_word' id='word_1_602' title='bbox 299 4281 362 4338; x_wconf 89' lang='lat' dir='ltr'><strong>urbi</strong></span> <span class='ocrx_word' id='word_1_603' title='bbox 383 4280 557 4353; x_wconf 88' lang='lat' dir='ltr'><strong>praeficitur:</strong></span> <span class='ocrx_word' id='word_1_604' title='bbox 576 4279 602 4348; x_wconf 91' lang='lat'><strong>1,</strong></span> <span class='ocrx_word' id='word_1_605' title='bbox 613 4279 698 4346; x_wconf 75' lang='lat'><strong>36,1;</strong></span> <span class='ocrx_word' id='word_1_606' title='bbox 724 4277 772 4332; x_wconf 89' lang='lat' dir='ltr'><strong>sed</strong></span> <span class='ocrx_word' id='word_1_607' title='bbox 798 4277 900 4350; x_wconf 88' lang='lat' dir='ltr'><strong>pleros·</strong></span> <span class='ocrx_word' id='word_1_608' title='bbox 943 4277 1154 4336; x_wconf 81' lang='lat' dir='ltr'><strong>frumentarium</strong></span> <span class='ocrx_word' id='word_1_609' title='bbox 1180 4279 1310 4352; x_wconf 83' lang='lat' dir='ltr'><strong>expedire</strong></span> <span class='ocrx_word' id='word_1_610' title='bbox 1335 4277 1447 4350; x_wconf 89' lang='lat' dir='ltr'><strong>incipit:</strong></span> <span class='ocrx_word' id='word_1_611' title='bbox 1474 4279 1499 4347; x_wconf 91' lang='lat'><strong>1,</strong></span> <span class='ocrx_word' id='word_1_612' title='bbox 1508 4279 1593 4347; x_wconf 57' lang='lat' dir='ltr'><strong>ost:</strong></span> <span class='ocrx_word' id='word_1_613' title='bbox 1620 4281 1695 4351; x_wconf 91' lang='lat' dir='ltr'><strong>quod</strong></span> 
     </span>
     <span class='ocr_line' id='line_1_48' title="bbox 152 4363 1695 4442; baseline -0.003 -16"><span class='ocrx_word' id='word_1_614' title='bbox 152 4385 206 4442; x_wconf 89' lang='lat' dir='ltr'><strong>que</strong></span> <span class='ocrx_word' id='word_1_615' title='bbox 223 4367 348 4436; x_wconf 86' lang='lat' dir='ltr'><strong>(milites)</strong></span> <span class='ocrx_word' id='word_1_616' title='bbox 365 4367 386 4422; x_wconf 91' lang='lat' dir='ltr'><strong>ii</strong></span> <span class='ocrx_word' id='word_1_617' title='bbox 407 4367 469 4437; x_wconf 85' lang='lat' dir='ltr'><strong>(o),</strong></span> <span class='ocrx_word' id='word_1_618' title='bbox 491 4367 539 4437; x_wconf 94' lang='lat' dir='ltr'><strong>qui</strong></span> <span class='ocrx_word' id='word_1_619' title='bbox 557 4368 728 4437; x_wconf 86' lang='lat' dir='ltr'><strong>receperant,</strong></span> <span class='ocrx_word' id='word_1_620' title='bbox 755 4363 857 4419; x_wconf 88' lang='lat' dir='ltr'><strong>celant:</strong></span> <span class='ocrx_word' id='word_1_621' title='bbox 876 4365 902 4432; x_wconf 94' lang='lat'><strong>1,</strong></span> <span class='ocrx_word' id='word_1_622' title='bbox 944 4363 1050 4420; x_wconf 86' lang='lat' dir='ltr'><strong>factum</strong></span> <span class='ocrx_word' id='word_1_623' title='bbox 1067 4366 1137 4422; x_wconf 91' lang='lat' dir='ltr'><strong>adeo</strong></span> <span class='ocrx_word' id='word_1_624' title='bbox 1154 4368 1213 4422; x_wconf 90' lang='lat' dir='ltr'><strong>eius</strong></span> <span class='ocrx_word' id='word_1_625' title='bbox 1230 4369 1385 4422; x_wconf 89' lang='lat' dir='ltr'><strong>conuentus</strong></span> <span class='ocrx_word' id='word_1_626' title='bbox 1403 4366 1477 4420; x_wconf 90' lang='lat' dir='ltr'><strong>ciues</strong></span> <span class='ocrx_word' id='word_1_627' title='bbox 1490 4363 1609 4422; x_wconf 84' lang='lat' dir='ltr'><strong>Romani</strong></span> <span class='ocrx_word' id='word_1_628' title='bbox 1621 4383 1695 4422; x_wconf 89' lang='lat' dir='ltr'><strong>ccm-</strong></span> 
     </span>
     <span class='ocr_line' id='line_1_49' title="bbox 151 4449 1695 4525; baseline -0.002 -13"><span class='ocrx_word' id='word_1_629' title='bbox 151 4458 194 4524; x_wconf 84' lang='grc'><strong>76,</strong></span> <span class='ocrx_word' id='word_1_630' title='bbox 206 4456 224 4511; x_wconf 83' lang='lat'>4</span> <span class='ocrx_word' id='word_1_631' title='bbox 229 4473 237 4522; x_wconf 92' lang='lat'>;</span> <span class='ocrx_word' id='word_1_632' title='bbox 254 4453 430 4525; x_wconf 84' lang='lat' dir='ltr'><strong>legionesque</strong></span> <span class='ocrx_word' id='word_1_633' title='bbox 447 4468 494 4508; x_wconf 85' lang='lat' dir='ltr'><strong>eas</strong></span> <span class='ocrx_word' id='word_1_634' title='bbox 511 4452 709 4508; x_wconf 83' lang='lat' dir='ltr'><strong>transduxerat</strong></span> <span class='ocrx_word' id='word_1_635' title='bbox 720 4449 814 4519; x_wconf 83' lang='lat' dir='ltr'><strong>ilario,</strong></span> <span class='ocrx_word' id='word_1_636' title='bbox 831 4466 901 4521; x_wconf 87' lang='lat' dir='ltr'><strong>quas</strong></span> <span class='ocrx_word' id='word_1_637' title='bbox 943 4451 1142 4524; x_wconf 88' lang='lat' dir='ltr'><strong>probauerunt,</strong></span> <span class='ocrx_word' id='word_1_638' title='bbox 1160 4458 1193 4510; x_wconf 88' lang='lat' dir='ltr'><strong>ut</strong></span> <span class='ocrx_word' id='word_1_639' title='bbox 1210 4453 1327 4509; x_wconf 92' lang='lat' dir='ltr'><strong>domum</strong></span> <span class='ocrx_word' id='word_1_640' title='bbox 1345 4450 1381 4505; x_wconf 89' lang='lat' dir='ltr'><strong>ad</strong></span> <span class='ocrx_word' id='word_1_641' title='bbox 1398 4467 1428 4507; x_wconf 90' lang='lat' dir='ltr'><strong>se</strong></span> <span class='ocrx_word' id='word_1_642' title='bbox 1444 4451 1561 4522; x_wconf 89' lang='lat' dir='ltr'><strong>quisque</strong></span> <span class='ocrx_word' id='word_1_643' title='bbox 1573 4451 1695 4524; x_wconf 91' lang='lat' dir='ltr'><strong>hospitio</strong></span> 
     </span>
     <span class='ocr_line' id='line_1_50' title="bbox 153 4535 1411 4614; baseline -0.003 -18"><span class='ocrx_word' id='word_1_644' title='bbox 153 4541 273 4614; x_wconf 61' lang='lat' dir='ltr'><strong>(didam</strong></span> <span class='ocrx_word' id='word_1_645' title='bbox 290 4555 358 4612; x_wconf 89' lang='lat' dir='ltr'><strong>quas</strong></span> <span class='ocrx_word' id='word_1_646' title='bbox 377 4537 454 4596; x_wconf 90' lang='lat' dir='ltr'><strong>curio</strong></span> <span class='ocrx_word' id='word_1_647' title='bbox 470 4539 504 4609; x_wconf 73' lang='lat' dir='ltr'><strong>a)</strong></span> <span class='ocrx_word' id='word_1_648' title='bbox 524 4538 712 4611; x_wconf 87' lang='lat' dir='ltr'><strong>superioribus</strong></span> <span class='ocrx_word' id='word_1_649' title='bbox 731 4535 901 4607; x_wconf 84' lang='lat' dir='ltr'><strong>temporibus</strong></span> <span class='ocrx_word' id='word_1_650' title='bbox 944 4537 1120 4610; x_wconf 89' lang='lat' dir='ltr'><strong>cupidissime</strong></span> <span class='ocrx_word' id='word_1_651' title='bbox 1137 4539 1282 4612; x_wconf 76' lang='lat' dir='ltr'><strong>reciperet:</strong></span> <span class='ocrx_word' id='word_1_652' title='bbox 1300 4537 1411 4608; x_wconf 78' lang='lat'><strong>2,20,5.</strong></span> 
     </span>
     <span class='ocr_line' id='line_1_51' title="bbox 151 4621 1695 4698; baseline -0.004 -12"><span class='ocrx_word' id='word_1_653' title='bbox 151 4627 273 4686; x_wconf 79' lang='lat' dir='ltr'><strong>Corfinio</strong></span> <span class='ocrx_word' id='word_1_654' title='bbox 294 4630 433 4698; x_wconf 83' lang='lat' dir='ltr'><strong>receperat</strong></span> <span class='ocrx_word' id='word_1_655' title='bbox 457 4624 573 4681; x_wconf 80' lang='lat' dir='ltr'><strong>Caesar:</strong></span> <span class='ocrx_word' id='word_1_656' title='bbox 597 4624 715 4692; x_wconf 75' lang='lat'><strong>2,28,1;</strong></span> <span class='ocrx_word' id='word_1_657' title='bbox 741 4627 821 4678; x_wconf 86' lang='lat' dir='ltr'><strong>tanta</strong></span> <span class='ocrx_word' id='word_1_658' title='bbox 843 4628 903 4680; x_wconf 86' lang='lat' dir='ltr'><strong>erat</strong></span> <span class='ocrx_word' id='word_1_659' title='bbox 980 4626 1035 4696; x_wconf 69' lang='lat' dir='ltr'><strong>dd)</strong></span> <span class='ocrx_word' id='word_1_660' title='bbox 1058 4627 1089 4681; x_wconf 92' lang='lat' dir='ltr'><strong>ln</strong></span> <span class='ocrx_word' id='word_1_661' title='bbox 1108 4642 1134 4684; x_wconf 90' lang='lat' dir='ltr'><strong>o.</strong></span> <span class='ocrx_word' id='word_1_662' title='bbox 1154 4641 1229 4682; x_wconf 78' lang='lat' dir='ltr'><strong>aec:</strong></span> <span class='ocrx_word' id='word_1_663' title='bbox 1253 4629 1364 4680; x_wconf 82' lang='lat' dir='ltr'><strong>tautum</strong></span> <span class='ocrx_word' id='word_1_664' title='bbox 1382 4621 1418 4678; x_wconf 88' lang='lat' dir='ltr'><strong>ab</strong></span> <span class='ocrx_word' id='word_1_665' title='bbox 1435 4622 1562 4693; x_wconf 89' lang='lat' dir='ltr'><strong>equitum</strong></span> <span class='ocrx_word' id='word_1_666' title='bbox 1580 4639 1695 4680; x_wconf 92' lang='lat' dir='ltr'><strong>suorum</strong></span> 
     </span>
     <span class='ocr_line' id='line_1_52' title="bbox 151 4708 1695 4786; baseline -0.002 -17"><span class='ocrx_word' id='word_1_667' title='bbox 151 4712 295 4786; x_wconf 87' lang='lat' dir='ltr'><strong>completis</strong></span> <span class='ocrx_word' id='word_1_668' title='bbox 317 4711 448 4769; x_wconf 89' lang='lat' dir='ltr'><strong>litoribus</strong></span> <span class='ocrx_word' id='word_1_669' title='bbox 469 4711 627 4778; x_wconf 89' lang='lat' dir='ltr'><strong>contentio,</strong></span> <span class='ocrx_word' id='word_1_670' title='bbox 653 4709 702 4782; x_wconf 90' lang='lat' dir='ltr'><strong>qui</strong></span> <span class='ocrx_word' id='word_1_671' title='bbox 725 4709 902 4781; x_wconf 89' lang='lat' dir='ltr'><strong>potissimum</strong></span> <span class='ocrx_word' id='word_1_672' title='bbox 945 4711 1065 4768; x_wconf 82' lang='lat' dir='ltr'><strong>*auxilio</strong></span> <span class='ocrx_word' id='word_1_673' title='bbox 1088 4712 1216 4780; x_wconf 86' lang='lat' dir='ltr'><strong>aberant,</strong></span> <span class='ocrx_word' id='word_1_674' title='bbox 1235 4753 1241 4767; x_wconf 93' lang='lat'><strong>.</strong></span> <span class='ocrx_word' id='word_1_675' title='bbox 1261 4751 1267 4766; x_wconf 94' lang='lat'>.</span> <span class='ocrx_word' id='word_1_676' title='bbox 1286 4751 1293 4765; x_wconf 91' lang='lat'><strong>.</strong></span> <span class='ocrx_word' id='word_1_677' title='bbox 1311 4714 1345 4764; x_wconf 88' lang='lat' dir='ltr'><strong>ut</strong></span> <span class='ocrx_word' id='word_1_678' title='bbox 1366 4724 1413 4765; x_wconf 91' lang='lat' dir='ltr'><strong>eos</strong></span> <span class='ocrx_word' id='word_1_679' title='bbox 1430 4708 1618 4780; x_wconf 87' lang='lat' dir='ltr'><strong>superioribus</strong></span> <span class='ocrx_word' id='word_1_680' title='bbox 1635 4727 1695 4782; x_wconf 87' lang='lat' dir='ltr'><strong>per·</strong></span> 
     </span>
     <span class='ocr_line' id='line_1_53' title="bbox 151 4787 1695 4871; baseline -0.001 -16"><span class='ocrx_word' id='word_1_681' title='bbox 151 4817 186 4856; x_wconf 88' lang='lat' dir='ltr'><strong>ex</strong></span> <span class='ocrx_word' id='word_1_682' title='bbox 199 4815 299 4871; x_wconf 91' lang='lat' dir='ltr'><strong>magno</strong></span> <span class='ocrx_word' id='word_1_683' title='bbox 311 4815 428 4855; x_wconf 90' lang='lat' dir='ltr'><strong>numero</strong></span> <span class='ocrx_word' id='word_1_684' title='bbox 439 4787 661 4865; x_wconf 80' lang='lat' dir='ltr'><strong>conscenderent,</strong></span> <span class='ocrx_word' id='word_1_685' title='bbox 679 4797 903 4854; x_wconf 87' lang='lat' dir='ltr'><strong>utmnltitudine</strong></span> <span class='ocrx_word' id='word_1_686' title='bbox 946 4799 1053 4854; x_wconf 89' lang='lat' dir='ltr'><strong>territos</strong></span> <span class='ocrx_word' id='word_1_687' title='bbox 1067 4799 1177 4870; x_wconf 91' lang='lat' dir='ltr'><strong>proeliis</strong></span> <span class='ocrx_word' id='word_1_688' title='bbox 1194 4799 1229 4852; x_wconf 94' lang='lat' dir='ltr'><strong>in</strong></span> <span class='ocrx_word' id='word_1_689' title='bbox 1247 4795 1399 4852; x_wconf 92' lang='lat' dir='ltr'><strong>medium</strong></span> <span class='ocrx_word' id='word_1_690' title='bbox 1417 4793 1567 4867; x_wconf 82' lang='lat' dir='ltr'><strong>reciperent</strong></span> <span class='ocrx_word' id='word_1_691' title='bbox 1578 4813 1695 4869; x_wconf 89' lang='lat' dir='ltr'><strong>agmen</strong></span> 
     </span>
     <span class='ocr_line' id='line_1_54' title="bbox 151 4882 1696 4958; baseline -0.001 -16"><span class='ocrx_word' id='word_1_692' title='bbox 151 4892 235 4958; x_wconf 89' lang='lat' dir='ltr'><strong>atque</strong></span> <span class='ocrx_word' id='word_1_693' title='bbox 258 4901 341 4942; x_wconf 92' lang='lat' dir='ltr'><strong>onere</strong></span> <span class='ocrx_word' id='word_1_694' title='bbox 363 4901 421 4940; x_wconf 93' lang='lat' dir='ltr'><strong>nou</strong></span> <span class='ocrx_word' id='word_1_695' title='bbox 443 4884 515 4940; x_wconf 93' lang='lat' dir='ltr'><strong>nulli</strong></span> <span class='ocrx_word' id='word_1_696' title='bbox 535 4883 700 4955; x_wconf 78' lang='lat' dir='ltr'><strong>(lenunculi)</strong></span> <span class='ocrx_word' id='word_1_697' title='bbox 719 4883 902 4956; x_wconf 88' lang='lat' dir='ltr'><strong>deprimeren-</strong></span> <span class='ocrx_word' id='word_1_698' title='bbox 944 4884 1072 4957; x_wconf 88' lang='lat' dir='ltr'><strong>ultroque</strong></span> <span class='ocrx_word' id='word_1_699' title='bbox 1089 4901 1135 4940; x_wconf 92' lang='lat' dir='ltr'><strong>eoa</strong></span> <span class='ocrx_word' id='word_1_700' title='bbox 1153 4887 1306 4941; x_wconf 88' lang='lat' dir='ltr'><strong>tuerentur:</strong></span> <span class='ocrx_word' id='word_1_701' title='bbox 1324 4883 1350 4951; x_wconf 91' lang='lat'><strong>1,</strong></span> <span class='ocrx_word' id='word_1_702' title='bbox 1362 4882 1443 4950; x_wconf 78' lang='lat' dir='ltr'><strong>79,o;</strong></span> <span class='ocrx_word' id='word_1_703' title='bbox 1468 4913 1504 4924; x_wconf 94' lang='lat'>—</span> <span class='ocrx_word' id='word_1_704' title='bbox 1527 4884 1696 4956; x_wconf 88' lang='lat' dir='ltr'><strong>receptisque</strong></span> 
     </span>
     <span class='ocr_line' id='line_1_55' title="bbox 152 4967 1695 5044; baseline 0.001 -17"><span class='ocrx_word' id='word_1_705' title='bbox 152 4976 213 5043; x_wconf 89' lang='lat' dir='ltr'><strong>tur,</strong></span> <span class='ocrx_word' id='word_1_706' title='bbox 236 4971 335 5044; x_wconf 91' lang='lat' dir='ltr'><strong>reliqui</strong></span> <span class='ocrx_word' id='word_1_707' title='bbox 356 4972 410 5028; x_wconf 91' lang='lat' dir='ltr'><strong>hoc</strong></span> <span class='ocrx_word' id='word_1_708' title='bbox 434 4972 480 5044; x_wconf 88' lang='lat' dir='ltr'><strong>(c)</strong></span> <span class='ocrx_word' id='word_1_709' title='bbox 503 4970 602 5027; x_wconf 75' lang='lat' dir='ltr'><strong>umore</strong></span> <span class='ocrx_word' id='word_1_710' title='bbox 621 4972 667 5043; x_wconf 88' lang='lat' dir='ltr'><strong>(c)</strong></span> <span class='ocrx_word' id='word_1_711' title='bbox 686 4972 801 5044; x_wconf 89' lang='lat' dir='ltr'><strong>propius</strong></span> <span class='ocrx_word' id='word_1_712' title='bbox 825 4970 901 5028; x_wconf 85' lang='lat' dir='ltr'><strong>adire</strong></span> <span class='ocrx_word' id='word_1_713' title='bbox 944 4971 1073 5028; x_wconf 89' lang='lat' dir='ltr'><strong>omnibus</strong></span> <span class='ocrx_word' id='word_1_714' title='bbox 1091 4971 1124 5027; x_wconf 93' lang='lat' dir='ltr'><strong>in</strong></span> <span class='ocrx_word' id='word_1_715' title='bbox 1143 4987 1210 5027; x_wconf 90' lang='lat' dir='ltr'><strong>una</strong></span> <span class='ocrx_word' id='word_1_716' title='bbox 1226 4974 1340 5026; x_wconf 88' lang='lat' dir='ltr'><strong>castra</strong></span> <span class='ocrx_word' id='word_1_717' title='bbox 1356 4967 1513 5040; x_wconf 89' lang='lat' dir='ltr'><strong>legionibus</strong></span> <span class='ocrx_word' id='word_1_718' title='bbox 1531 4985 1614 5025; x_wconf 91' lang='lat' dir='ltr'><strong>suum</strong></span> <span class='ocrx_word' id='word_1_719' title='bbox 1630 4987 1695 5028; x_wconf 90' lang='lat' dir='ltr'><strong>cum</strong></span> 
     </span>
     <span class='ocr_line' id='line_1_56' title="bbox 152 5055 1695 5132; baseline -0.001 -16"><span class='ocrx_word' id='word_1_720' title='bbox 152 5057 335 5116; x_wconf 83' lang='lat' dir='ltr'><strong>tardarentur.</strong></span> <span class='ocrx_word' id='word_1_721' title='bbox 366 5057 468 5132; x_wconf 89' lang='lat' dir='ltr'><strong>quibus</strong></span> <span class='ocrx_word' id='word_1_722' title='bbox 497 5058 579 5115; x_wconf 92' lang='lat' dir='ltr'><strong>rebus</strong></span> <span class='ocrx_word' id='word_1_723' title='bbox 609 5057 726 5128; x_wconf 87' lang='lat' dir='ltr'><strong>accidit,</strong></span> <span class='ocrx_word' id='word_1_724' title='bbox 756 5062 789 5113; x_wconf 92' lang='lat' dir='ltr'><strong>ut</strong></span> <span class='ocrx_word' id='word_1_725' title='bbox 817 5057 901 5128; x_wconf 85' lang='lat' dir='ltr'><strong>pauci</strong></span> <span class='ocrx_word' id='word_1_726' title='bbox 944 5057 1073 5130; x_wconf 81' lang='lat' dir='ltr'><strong>Scipione</strong></span> <span class='ocrx_word' id='word_1_727' title='bbox 1094 5058 1227 5113; x_wconf 87' lang='lat' dir='ltr'><strong>honorem</strong></span> <span class='ocrx_word' id='word_1_728' title='bbox 1249 5055 1369 5130; x_wconf 82' lang='lat' dir='ltr'><strong>partitur</strong></span> <span class='ocrx_word' id='word_1_729' title='bbox 1387 5095 1393 5110; x_wconf 94' lang='lat'>.</span> <span class='ocrx_word' id='word_1_730' title='bbox 1412 5095 1419 5110; x_wconf 88' lang='lat'>.</span> <span class='ocrx_word' id='word_1_731' title='bbox 1438 5095 1445 5110; x_wconf 88' lang='lat'>.</span> <span class='ocrx_word' id='word_1_732' title='bbox 1463 5059 1492 5110; x_wconf 91' lang='lat' dir='ltr'><strong>et</strong></span> <span class='ocrx_word' id='word_1_733' title='bbox 1514 5055 1633 5114; x_wconf 84' lang='lat' dir='ltr'><strong>alterum</strong></span> <span class='ocrx_word' id='word_1_734' title='bbox 1651 5059 1695 5114; x_wconf 85' lang='lat' dir='ltr'><strong>illi</strong></span> 
     </span>
     <span class='ocr_line' id='line_1_57' title="bbox 204 5141 1484 5198; baseline 0.001 -4"><span class='ocrx_word' id='word_1_735' title='bbox 204 5153 286 5198; x_wconf 75' lang='lat' dir='ltr'><strong>Lario.</strong></span> <span class='ocrx_word' id='word_1_736' title='bbox 300 5155 396 5198; x_wconf 79' lang='lat' dir='ltr'><strong>(lsssar.</strong></span> <span class='ocrx_word' id='word_1_737' title='bbox 422 5155 459 5196; x_wconf 89' lang='lat'><strong>11.</strong></span> <span class='ocrx_word' id='word_1_738' title='bbox 1434 5141 1484 5196; x_wconf 78' lang='grc'><strong>103</strong></span> 
     </span>
    </p>
   </div>
   <div class='ocr_carea' id='block_1_7' title="bbox 0 0 1912 5602">
    <p class='ocr_par' dir='ltr' id='par_1_9' title="bbox 0 0 1912 5602">
     <span class='ocr_line' id='line_1_58' title="bbox 0 0 1912 5602; baseline 0 0"><span class='ocrx_word' id='word_1_739' title='bbox 0 0 1912 5602; x_wconf 95' lang='lat' dir='ltr'><strong> </strong></span> 
     </span>
    </p>
   </div>
  </div>
 </body>
</html>
