3824 5588
193 261 276 320 1883
925 253 1009 309 Simul
1661 263 1744 324 1884

192 422 303 494 totique
320 424 453 480 exercitui
471 425 627 497 imperauit,
645 440 681 479 ne
696 423 806 480 iniussu
817 440 869 480 suo
880 440 945 480 oon·
987 425 1177 480 sustinebant:
1195 424 1350 494 VI14e,4;
1367 426 1424 482 huo
1441 431 1539 483 teretes
1559 426 1667 498 stipites
1685 467 1692 482 .
1712 471 1718 483 .
1737 469 1744 484 .

193 513 327 563 curreret:
344 510 461 578 c,8e,4;
485 509 635 582 sequimini
651 525 712 578 me,
736 509 841 581 inquit,
859 509 945 565 mani·
987 510 1207 567 demittebantur
1226 511 1289 581 lita,
1313 517 1346 567 ut
1364 553 1370 565 .
1390 553 1396 567 .
1415 553 1422 568 .
1440 528 1476 567 ex
1493 518 1565 568 terra
1581 513 1745 580 eminerent:

191 594 302 665 pulares
328 595 384 650 mei
409 597 457 668 qui
483 597 585 652 inistis.
611 594 771 650 ...amul
797 596 945 667 respiciens
988 597 1072 652 simul
1094 597 1276 653 confirmandi
1299 603 1327 654 et
1348 596 1507 654 stabiliendi
1530 615 1616 654 causa
1641 599 1745 671 singuli

192 680 339 736 Gaesarem
357 681 485 751 Faciam,
502 682 608 754 inquit,
625 681 719 748 bodie,
736 681 895 753 imperator,
912 685 946 736 ut
988 683 1025 738 ab
1049 683 1147 738 infimo
1170 682 1230 738 eolo
1253 683 1336 755 pedes
1355 685 1402 756 (c)
1421 689 1493 739 terra
1510 684 1744 740 exculcabantur:

192 770 244 821 aut
261 766 328 820 uiuo
345 766 415 822 mihi
433 773 484 823 aut
501 773 613 824 mortuo
625 767 944 838 grabasagas:3,9l,3.
990 769 1144 838 vl173,7;
1171 767 1321 840 Pompeius
1344 786 1409 826 oum
1433 769 1629 825 communibus
1654 769 1745 824 inimi-

227 847 260 925 β)
278 853 408 922 pertinet
424 854 462 910 ed
479 870 526 916 ea,
546 869 620 924 quae
639 855 816 923 sequuntur:
834 855 891 922 αα)
903 867 948 909 se·
989 855 1030 912 cis
1047 855 1077 909 in
1095 854 1213 926 gratiam
1231 854 1363 924 redierat,
1380 871 1499 927 quorum
1517 855 1577 926 ipse
1594 854 1745 910 maximam

192 939 294 1008 quitur
311 942 347 996 et
364 939 561 1009 (significatur
577 955 628 1010 ea,
652 954 727 1007 quae
744 939 892 1008 particula
910 943 948 993 et
990 945 1097 1014 partem
1116 981 1123 996 .
1141 981 1148 994 .
1167 981 1173 995 .
1192 941 1351 998 iniunxerat
1373 941 1492 998 Caesari.
1515 939 1600 996 simul
1627 940 1685 1010 (sio
1701 940 1744 1005 bl:

191 1024 423 1096 coniunguntur,
464 1026 563 1082 eedem
589 1028 721 1094 tempore
747 1025 827 1080 iacta
854 1026 946 1095 esse):
989 1028 1160 1083 iniunxerat.
1178 1026 1281 1082 Caesar
1297 1027 1382 1082 simui
1403 1027 1474 1098 Das>
1493 1026 1609 1081 infamia
1625 1025 1746 1080 duarum

192 1108 295 1178 (simui
319 1110 566 1167 ...cernebatur
589 1116 620 1167 et
638 1151 644 1167 .
663 1151 670 1166 .
689 1152 696 1166 .
715 1110 817 1165 mittit:
835 1110 947 1178 aete.
990 1113 1131 1184 legionum
1155 1118 1298 1183 permotus
1321 1129 1463 1168 ...rem
1486 1112 1523 1166 ad
1545 1127 1624 1166 arma
1645 1111 1746 1167 deduci

190 1195 208 1251 3
224 1212 253 1250 a.
272 1197 306 1264 α)
319 1197 343 1268 ς)
362 1197 415 1252 hoc
431 1197 501 1252 adeo
520 1197 567 1268 (e)
586 1196 710 1252 celeriter
727 1195 793 1250 fecit
802 1235 809 1264 ,
826 1201 860 1250 ut
877 1196 946 1266 (orn.
990 1197 1137 1254 studebat:
1155 1199 1179 1262 1,
1189 1197 1215 1265 4,
1225 1197 1255 1263 5;
1273 1197 1401 1254 audierat
1418 1196 1582 1269 Pompeium
1599 1213 1648 1268 per
1665 1196 1745 1252 Mau·

191 1279 252 1350 alal)
279 1280 363 1335 simui
388 1282 484 1338 adesse
509 1282 618 1354 (abisse
643 1281 681 1336 lt
700 1281 813 1350 Haupt:
829 1279 902 1351 No>
919 1285 948 1336 et
990 1283 1126 1339 reteniam
1157 1299 1221 1338 cum
1251 1283 1406 1355 legionibus
1435 1282 1487 1338 iter
1517 1282 1547 1338 in
1579 1283 1745 1354 Hispaniam

191 1366 285 1421 uenue
312 1368 501 1423 nuntiaretur:
518 1369 637 1436 ³‚36,3;
666 1369 703 1423 ad
730 1383 795 1423 eum
822 1366 949 1437 peruenit
990 1369 1079 1424 tacere
1096 1367 1296 1440 confestimque
1312 1385 1372 1426 esse
1389 1373 1547 1423 nonnarum.
1566 1368 1650 1424 simul
1668 1369 1745 1424 stri·

191 1456 250 1506 tam
279 1458 419 1524 oportuno
447 1458 585 1525 tempore,
618 1459 651 1508 ut
679 1453 764 1508 simul
792 1451 948 1508 Domitiani
989 1454 1074 1510 bunis
1096 1453 1218 1509 miiitum
1242 1454 1505 1524 centurionibusque
1531 1460 1645 1509 mutuas
1663 1470 1746 1526 pecu-

191 1537 328 1593 exercitus
355 1539 449 1610 puluis
476 1544 633 1595 cerneretur
658 1543 687 1594 et
713 1538 796 1610 primi
822 1543 947 1593 antecur-
989 1541 1051 1597 nias
1070 1539 1202 1612 sumpsit:
1226 1539 1278 1595 has
1295 1540 1428 1596 exercitui
1445 1539 1587 1594 distribuit
1605 1541 1647 1610 (a
1669 1539 1745 1610 00>=

191 1640 265 1679 sores
279 1624 417 1696 Scipionis
436 1625 741 1693 momentaneae&
758 1640 793 1679 ex
807 1623 948 1694 superiore
990 1627 1109 1695 1‚ee,3;
1139 1631 1249 1682 nostros
1279 1625 1352 1681 uires
1381 1623 1547 1680 lassitudine
1572 1625 1746 1695 deficiebant,

194 1710 243 1780 (a)
271 1727 399 1782 pugnans
426 1710 488 1766 ioco
514 1711 691 1782 integrosque
717 1725 826 1781 semper
849 1709 946 1764 delati·
991 1713 1076 1768 simul
1101 1712 1123 1767 ii
1146 1712 1209 1782 (c),
1234 1711 1284 1782 qui
1309 1711 1427 1766 numera
1453 1715 1631 1782 acceperant,
1656 1727 1746 1782 neque

193 1795 268 1868 gatis
291 1795 459 1852 submittens
482 1802 512 1852 et
536 1797 651 1868 reliquis
674 1796 800 1868 partibus
822 1794 949 1864 simul†
991 1799 1050 1854 acie
1079 1797 1209 1853 excedere
1237 1813 1328 1868 noque
1355 1797 1384 1852 in
1414 1797 1507 1852 locum
1533 1801 1628 1852 tutum
1654 1797 1747 1852 referri

191 1898 226 1937 ex
245 1883 289 1952 <et
305 1881 413 1952 oneo.)
433 1887 507 1937 terra
523 1882 606 1938 scalis
623 1887 652 1938 et
668 1882 756 1938 classe
772 1880 882 1937 moenia
901 1896 949 1952 op
992 1889 1133 1957 poterant:
1147 1884 1264 1952 2‚t1,7;
1283 1883 1427 1940 Caesarem
1440 1881 1591 1954 Apollonia
1607 1881 1746 1938 aderecto

192 1967 252 2038 pidi
278 1972 419 2039 temptans
443 2008 449 2022 .
469 2008 501 2024 ..
529 1973 639 2023 nosnos
662 1969 731 2023 uicit
754 1968 797 2038 (a.
821 1966 900 2036 00>:
923 1967 950 2033 3,
994 1971 1093 2026 itinere
1110 1973 1257 2037 auerterat,
1275 1969 1425 2040 Pompeius
1442 1984 1491 2040 per
1502 1967 1676 2024 Candauiam
1693 1969 1746 2024 iter

190 2053 275 2120 40,2;
292 2052 444 2124 codemque
462 2057 586 2125 tempore
603 2060 759 2126 pugnatum
777 2058 821 2109 est
836 2054 945 2124 adpor-
992 2056 1022 2110 in
1052 2054 1247 2110 Macedoniam
1281 2054 1443 2126 expeditum
1472 2053 1601 2109 habebat
1631 2054 1746 2110 accessit

191 2145 268 2207 tum,
295 2155 328 2195 ac
352 2139 433 2210 longe
455 2140 607 2195 maximam
632 2155 666 2194 ea
688 2155 730 2194 ree
755 2139 851 2194 attulit
868 2138 949 2194 dimi·
992 2140 1077 2196 etiam
1096 2182 1103 2196 .
1121 2181 1128 2196 .
1147 2181 1154 2196 .
1172 2140 1249 2196 aliud
1266 2140 1490 2207 incommodum,
1507 2138 1582 2210 quod
1600 2139 1743 2196 Domitius

191 2225 337 2281 cntionem.
360 2223 444 2279 dmnl
466 2225 541 2280 enirn
569 2224 691 2280 diductis
714 2225 800 2296 copiis
819 2223 949 2296 pluribus
992 2270 998 2284 .
1019 2268 1052 2283 ..
1078 2226 1239 2282 Heracliam
1266 2227 1395 2282 ...iter
1415 2226 1530 2293 fecerat,
1556 2229 1589 2280 ut
1610 2225 1671 2296 ipsa
1692 2226 1746 2280 ior·

190 2310 245 2366 uiis
268 2310 461 2382 pugnabatur,
482 2316 511 2368 et
535 2326 639 2382 magna
663 2309 845 2366 multitudine
862 2326 948 2365 naues
992 2317 1062 2368 tuna
1084 2312 1166 2367 iilum
1183 2311 1291 2367 obicere
1309 2310 1441 2383 Pompeio
1458 2310 1607 2366 uideretur.
1623 2310 1692 2366 haec
1709 2310 1746 2367 ad

191 2397 289 2468 longas
306 2412 444 2468 occupem
460 2396 554 2452 hostes
572 2396 762 2452 conabantur:
780 2396 914 2462 e‚111‚‘2.
990 2398 1020 2453 id
1045 2403 1158 2474 tempus
1176 2398 1278 2454 Caesar
1300 2396 1454 2468 ignorabat.
1477 2396 1561 2452 simui
1578 2412 1596 2451 s
1613 2396 1746 2468 Pompeio

225 2477 278 2557 ββ)
297 2483 430 2552 sequitur
447 2491 482 2539 et
501 2523 507 2536 .
526 2522 533 2537 .
553 2523 560 2538 .
578 2485 629 2539 et:
648 2480 723 2552 qnod
809 2479 946 2536 militibus
992 2483 1091 2539 litteris
1110 2524 1117 2538 .
1136 2525 1143 2538 .
1162 2483 1284 2538 dimissis
1307 2483 1353 2537 *de
1378 2482 1482 2554 proelio
1504 2482 1540 2537 ad
1558 2481 1746 2552 Dyrrachium

191 2609 198 2623 .
218 2608 225 2622 .
243 2608 250 2624 .
269 2584 372 2639 magno
397 2574 426 2624 et
448 2569 526 2640 gram
550 2583 633 2624 onere
651 2583 792 2622 armornm
809 2566 948 2639 oppressis
992 2569 1066 2625 facto
1083 2569 1200 2624 *datius
1217 2567 1394 2640 inflatiusque
1411 2567 1510 2635 multo,
1528 2584 1613 2641 quam
1631 2583 1675 2622 res
1686 2572 1747 2623 erat

191 2653 239 2724 (o)
257 2652 342 2708 simui
364 2653 445 2709 etde
463 2655 510 2725 (e)
529 2652 649 2708 narribus
673 2650 856 2707 desiliendum
874 2657 903 2708 et
919 2652 949 2707 in
991 2661 1082 2726 gesta,
1107 2656 1182 2710 tama
1204 2655 1409 2727 percrebruerat
1432 2653 1548 2726 pulsum
1565 2653 1660 2725 fugere
1677 2653 1745 2708 Gae-

190 2737 322 2794 fluetibus
348 2738 557 2794 consistendum
585 2744 614 2793 et
640 2754 704 2792 cum
733 2737 861 2792 hostibus
889 2745 950 2793 erat
991 2757 1081 2796 sarem
1098 2757 1187 2812 paene
1198 2741 1328 2797 omnibus
1341 2739 1427 2812 copiis
1440 2739 1556 2796 amissis.
1569 2739 1638 2794 haec
1648 2737 1747 2792 itinera

191 2825 391 2896 pugnandum:
409 2824 549 2890 1v24,2;
568 2825 594 2892 3,
602 2824 673 2892 toa
690 2839 718 2878 ιι.
736 2823 801 2892 αα).
991 2827 1093 2882 infesta
1104 2826 1273 2883 reddiderat:
1285 2827 1403 2895 e,7e‚4;
1421 2826 1523 2882 Osesar
1534 2865 1541 2881 .
1552 2865 1559 2880 .
1569 2866 1576 2880 .
1586 2823 1743 2896 (legionem)

226 2910 258 2971 bl
271 2933 306 2958 =
317 2913 348 2967 et
368 2951 375 2966 .
394 2950 401 2965 .
420 2952 426 2964 .
444 2913 492 2979 et,
512 2913 688 2978 praeterea:
711 2911 746 2978 α)
763 2908 854 2966 semel
872 2911 949 2978 posi·
993 2929 1096 2968 nonam
1117 2915 1148 2967 in
1172 2912 1283 2968 sinistro
1301 2915 1411 2982 (cornu)
1428 2911 1623 2967 conlocauerat
1641 2950 1648 2965 .
1666 2951 1673 2966 .
1692 2950 1698 2964 .
1717 2914 1747 2964 et

191 2999 271 3066 tum:
295 2999 350 3065 αα)
369 2997 584 3063 coniunguntur
608 2996 777 3052 enuntiata:
800 2995 947 3050 cotidianis
990 2999 1057 3054 huic
1080 2999 1120 3054 sic
1137 2999 1318 3054 *adiunxerat
1334 3001 1478 3064 octauam,
1502 3001 1536 3052 nt
1553 3012 1641 3068 paene
1658 3011 1745 3050 unam

190 3081 386 3153 interpretibus
409 3082 522 3137 remotis
546 3097 594 3152 per
611 3081 642 3136 (i.
663 3079 808 3136 Valerium
823 3080 947 3136 Doucil·
990 3085 1039 3155 (o)
1066 3100 1102 3139 ex
1124 3083 1235 3139 duabus
1257 3084 1390 3152 efiiceret,
1420 3089 1505 3154 atque
1527 3081 1643 3137 alteram
1666 3079 1747 3135 alteri

191 3167 251 3222 inm
272 3168 317 3238 (c)
337 3208 344 3222 .
364 3207 370 3222 .
389 3208 396 3223 .
415 3184 479 3222 cum
497 3184 530 3223 eo
549 3166 743 3238 (Dumnorige)
761 3165 947 3237 conloquitur.
991 3169 1128 3243 praesidio
1144 3185 1205 3224 esse
1221 3170 1348 3226 iusserat
1365 3168 1492 3225 cohortes
1509 3168 1539 3222 in
1556 3167 1614 3223 acie
1631 3165 1745 3221 LXXX

191 3252 276 3307 simui
306 3253 532 3321 commonefacit,
562 3269 635 3324 quae
661 3252 722 3323 ipsc
748 3257 892 3322 praesente
917 3254 948 3307 in
990 3256 1160 3312 constitutas
1176 3255 1299 3312 habebat
1316 3297 1323 3311 .
1342 3297 1349 3310 .
1368 3273 1388 3324 .;
1406 3254 1534 3311 cohortes
1552 3251 1629 3308 *Vll
1647 3250 1746 3306 castris

191 3338 308 3394 concilio
326 3339 494 3410 [Gallorum]
511 3339 546 3394 de
560 3338 735 3409 Dumnorige
753 3338 811 3393 sint
827 3339 903 3395 dicta
919 3345 948 3394 et·
991 3343 1129 3415 praesidio
1155 3342 1315 3413 reliquerat.
1338 3341 1451 3397 sinistro
1473 3355 1559 3395 cornu
1580 3337 1746 3404 Antonium,

191 3425 326 3494 ostendit,
350 3441 422 3497 quae
444 3425 593 3496 separatim
616 3425 734 3496 quisque
759 3423 794 3478 de
818 3440 851 3479 eo
873 3425 949 3496 apud
993 3430 1092 3485 dextro
1114 3428 1146 3483 P.
1171 3427 1295 3495 Sullam,
1318 3428 1410 3482 media
1431 3425 1490 3482 acie
1513 3426 1565 3482 On.
1589 3423 1746 3479 Domitium

192 3527 222 3565 se
240 3511 474 3580 dixerit:119,4;
496 3510 549 3566 hoo
566 3511 708 3581 proprium
728 3509 840 3564 uirtutis
855 3511 948 3566 existi-
992 3518 1194 3586 praeposuerat
1219 3513 1280 3586 ipse
1302 3519 1398 3568 contra
1424 3512 1588 3583 Pompeium
1612 3507 1745 3566 constitit

191 3603 271 3652 mant
288 3597 419 3669 expulsos
433 3599 479 3667 (o)
507 3597 580 3668 agris
598 3595 729 3650 finitimos
746 3595 842 3650 cedere
859 3612 949 3666 neque
992 3601 1076 3656 simul
1106 3600 1150 3654 bis
1179 3600 1262 3656 rebus
1291 3599 1505 3666 animaduersis,
1534 3613 1603 3668 quas
1632 3595 1745 3650 demon-

191 3701 360 3755 quemquam
385 3699 473 3754 prope
491 3685 538 3754 <o>
557 3682 658 3738 audere
679 3682 841 3747 consistere:
864 3681 948 3736 simul
991 3687 1158 3754 strauimus,
1188 3686 1301 3753 timens,
1333 3701 1369 3740 ne
1394 3725 1402 3740 .
1427 3728 1433 3740 .
1458 3725 1464 3739 .
1492 3681 1746 3748 circumueniretur,

190 3771 244 3826 hoc
264 3788 296 3825 se
317 3771 376 3826 fore
398 3771 513 3825 tutiores
537 3768 708 3823 arbitrantur
730 3767 889 3836 repentinae
906 3767 948 3822 in·
991 3771 1115 3828 celeriter
1131 3787 1169 3826 ex
1186 3771 1268 3828 tertia
1281 3772 1327 3842 (c)
1341 3770 1400 3826 acie
1416 3769 1540 3841 singulae
1557 3767 1683 3822 cohortes
1699 3765 1746 3820 de·

191 3857 326 3912 cursionis
361 3856 460 3912 timore
493 3855 619 3910 sublato:
648 3853 693 3908 VI
708 3853 751 3920 23,
764 3854 794 3918 3:
829 3852 949 3924 plusque
992 3859 1078 3915 traxit
1096 3863 1180 3929 atque
1197 3875 1233 3912 ex
1250 3857 1294 3912 bis
1312 3863 1440 3927 quartam
1458 3853 1581 3910 instituit
1598 3851 1747 3923 equitatui·

192 3943 286 3998 animo
313 3942 457 4013 prouidere
480 3945 507 3996 et
537 3937 704 4011 praesentire
726 3936 947 4008 cxifltimsbttun
991 3962 1045 4017 que
1057 3944 1189 4016 opposuit
1201 3941 1306 4014 etquid
1320 3942 1379 3998 lieri
1391 3941 1477 3997 uellet
1490 3939 1612 3995 ostendit
1624 3937 1745 3993 monuit

192 4029 267 4099 quod
286 4068 293 4082 .
314 4069 321 4082 .
340 4068 347 4081 .
365 4032 518 4083 censuerat
540 4027 635 4096 itaque
660 4029 693 4079 ut
710 4024 879 4095 reliquorum
897 4026 947 4080 im·
990 4047 1069 4102 que.
1090 4070 1096 4085 .
1115 4047 1137 4084 .:
1156 4030 1182 4097 3,
1193 4030 1276 4095 89,3;
1294 4028 1363 4093 89,4
1380 4043 1408 4082 u.
1426 4028 1458 4097 a)
1476 4029 1518 4096 α).

193 4119 353 4184 paratorum
376 4129 419 4167 res
444 4111 578 4167 aduersae
595 4110 789 4166 auctoritatem
807 4110 948 4179 minuunt,
1025 4111 1306 4192 [iiboonlungnntnr
1323 4113 1470 4170 enuntiati
1482 4113 1598 4180 partes:
1616 4110 1668 4178 U:
1687 4109 1745 4166 Sci·

192 4199 232 4254 sic
256 4198 341 4253 huius
358 4216 393 4254 ex
410 4196 548 4254 contrario
567 4197 689 4268 dignitas
706 4196 885 4252 incommodo
903 4213 947 4252 ae·
990 4205 1101 4274 pionem
1137 4200 1233 4256 eadem
1265 4216 1341 4271 spes
1370 4198 1529 4271 prouinciae
1557 4201 1641 4268 atque
1669 4211 1745 4250 exer·

192 4290 274 4356 cepto
297 4284 326 4338 in
350 4284 409 4340 dies
428 4283 591 4356 augebator.
609 4283 695 4337 simul
713 4284 743 4337 iu
761 4299 839 4354 spem
856 4283 949 4338 uenie-
991 4290 1098 4345 cituum
1121 4286 1299 4358 impellit,
1326 4302 1397 4357 quoe
1419 4301 1450 4340 se
1471 4299 1521 4355 pro
1542 4281 1746 4338 necessitudine

193 4371 263 4426 bant
286 4371 345 4426 eins
370 4369 562 4426 adfirmatione
580 4370 615 4425 de
632 4369 745 4439 reliquis
765 4369 948 4441 adiungendis
990 4374 1159 4446 partiturum
1190 4389 1255 4428 cum
1284 4370 1418 4443 Pompeio
1448 4369 1611 4437 arbitratur,
1640 4366 1746 4422 simul

193 4458 371 4513 ciuitatibus:
395 4456 546 4524 vl130,4;
574 4458 624 4527 qui
644 4456 766 4513 suadeo
788 4462 948 4528 expugnato
992 4459 1112 4532 <multos
1148 4457 1258 4520 durio,-
1292 4458 1425 4514 Bibulum
1455 4455 1545 4525 Paul>
1579 4453 1744 4510 iudiciorum

193 4545 362 4616 refugerant,
384 4543 531 4600 armandos
554 4545 766 4616 uestiendosque
789 4551 885 4610 curat:
911 4544 946 4599 si-
990 4551 1122 4613 melae,
1140 4543 1265 4600 adulatio
1282 4550 1368 4615 atque
1385 4541 1535 4599 ostentatio
1551 4540 1746 4611 suietpoten·

195 4631 266 4698 mul,
283 4634 316 4684 et
334 4629 493 4686 deminutae
512 4632 557 4702 (o)
576 4634 671 4703 copiae
688 4631 947 4702 redintegrarentur,
990 4632 1063 4687 tium
1081 4632 1125 4702 (a.
1147 4630 1222 4702 00>2
1240 4630 1299 4700 1,4,
1308 4631 1333 4685 3.

193 4717 313 4786 imperat
338 4723 444 4771 certum
467 4733 615 4774 numerum
640 4718 763 4773 militum
785 4717 947 4774 ciuitatibus
1026 4719 1079 4787 bl:
1108 4718 1204 4774 Cicero
1226 4759 1233 4773 .
1253 4758 1259 4773 .
1279 4758 1285 4772 .
1308 4717 1426 4788 septimo
1448 4715 1494 4772 die
1517 4714 1688 4769 diffidens
1711 4713 1746 4768 de

194 4800 407 4872 sagittariosque
433 4819 528 4859 omnes
553 4845 560 4860 .
583 4845 614 4860 ..
638 4803 674 4859 ad
701 4821 731 4860 se
757 4803 832 4859 mitti
858 4803 947 4859 iubet:
990 4820 1107 4860 numero
1136 4804 1244 4860 diemm
1272 4803 1418 4860 Gaesarem
1448 4803 1531 4858 iidem
1558 4804 1746 4867 sematurum,

194 4885 346 4954 v1131,4;
373 4893 432 4943 eret
449 4888 583 4944 Romanis
605 4906 656 4945 nec
678 4890 740 4945 loco
764 4906 815 4945 nec
832 4906 948 4945 numero
991 4891 1066 4962 quod
1093 4890 1205 4962 longius
1229 4905 1405 4961 progressum
1431 4889 1476 4960 (o)
1500 4887 1634 4944 audiebat
1656 4903 1746 4957 neque

196 4989 286 5043 aequa
296 4975 449 5041 contentio;
461 4975 546 5030 simul
558 4981 587 5030 et
601 4991 684 5030 cursu
696 4980 725 5030 et
735 4975 826 5046 spallo
839 4992 949 5046 pugnae
992 4976 1050 5032 ulia
1076 4977 1110 5032 de
1129 4976 1220 5031 reditu
1244 4976 1304 5030 eius
1327 4976 1403 5030 fama
1426 4974 1615 5041 sdierebatrr,
1639 4972 1745 5028 simul

195 5059 341 5130 defatigati
354 5061 401 5131 (ο)
414 5077 469 5116 non
488 5061 569 5116 facile
586 5068 707 5116 recentes
724 5067 808 5133 atque
826 5061 947 5134 integros
992 5079 1088 5118 eorum
1107 5062 1156 5133 (o)
1176 5069 1356 5133 permotus
1379 5060 1510 5128 uocibus,
1533 5059 1582 5130 qui
1603 5059 1679 5114 illius
1696 5075 1745 5130 pa·
