3824 5588
249 239 330 300 reos
875 231 1173 310 miratorii:
1718 248 1804 308 :sos

243 404 330 460 citum
348 403 481 470 ducunt,
504 404 653 474 Pompeius
670 404 744 460 clam
760 409 789 460 et
806 409 905 472 noctu,
922 405 990 462 (iss-
1044 405 1148 462 uirtute
1166 407 1292 462 uicerunt
1309 406 1456 477 excisoque
1473 406 1554 462 ericio
1573 447 1602 464 ..
1621 408 1650 463 in
1664 450 1670 464 .
1684 453 1691 466 .
1704 417 1799 466 castra

242 506 288 546 sar
309 489 403 561 palam
425 495 509 562 atque
526 490 654 546 interdiu.
672 490 721 547 sed
739 491 855 546 (laesuri
873 491 993 546 circuitu
1037 493 1282 564 ...inruperunt
1301 533 1307 548 .
1326 532 1333 546 .
1353 532 1360 547 .
1377 497 1407 548 et
1434 509 1490 548 non
1512 493 1605 548 nullos
1632 494 1671 550 ibi
1691 497 1739 567 (c)
1757 513 1799 553 re

244 575 346 632 maiore
367 576 420 632 iter
440 581 500 631 erat
523 576 646 648 longius,
669 577 787 632 aduerso
804 576 933 645 flumine,
961 583 995 632 ut
1036 583 1192 650 pugnantes
1209 578 1420 634 interfecerunt
1438 577 1487 632 sed
1508 579 1621 634 fortuna
1636 620 1642 634 .
1656 621 1682 638 ..
1704 584 1800 652 paruis

243 661 317 717 uado
334 662 450 717 bansire
468 667 570 734 posset,
588 662 737 734 Pompeius
752 662 882 734 expedito
894 663 993 719 itinere
1036 663 1185 720 momentis
1203 679 1319 734 magnus
1342 679 1434 718 rerum
1452 665 1686 722 commutationes
1697 667 1800 736 efficit;

243 748 428 818 ...magnis
445 748 589 804 itineribus
607 748 642 804 ud
660 749 816 803 Antonium
833 749 992 806 contendit:
1036 753 1070 804 ut
1097 755 1159 805 tum
1188 749 1307 804 accidit:
1334 750 1361 816 3,
1374 750 1458 816 (sue
1466 752 1484 816 ;)
1496 751 1582 817 68,1;
1612 751 1723 807 duobus
1754 755 1800 810 his

242 834 417 903 8,30,(3.)4;
440 851 530 906 neque
547 835 640 890 minus
658 834 695 890 ob
713 850 775 890 eam
794 850 910 890 cauum
928 837 998 893 ciui·
1039 835 1122 890 unius
1140 834 1194 890 diei
1212 833 1322 906 proeliis
1342 835 1449 891 Cacsar
1468 835 1514 905 <c>
1533 835 1706 893 desiderauit
1723 840 1799 894 mili·

243 918 296 974 bus
313 919 448 976 Romanis
470 921 529 976 eius
551 921 723 992 prouinciae,
746 919 795 974 sed
819 920 849 976 in
867 920 996 992 singulos
1039 926 1080 976 tes
1097 920 1291 987 DOOGOLX,
1313 963 1320 976 .
1339 959 1372 976 ..
1399 920 1526 976 mounes
1548 921 1670 977 militurn
1689 929 1717 979 et
1733 941 1799 980 cen·

243 1011 399 1062 conuentus
415 1007 596 1078 singulaeque
614 1007 745 1062 ciuitates
762 1007 997 1078 certaepecunise
1038 1005 1161 1062 turinnes
1187 1005 1325 1074 XXXII:
1360 1005 1410 1062 sed
1442 1006 1542 1060 horum
1575 1008 1701 1064 omnium
1731 1028 1797 1082 pars

243 1091 467 1163 imperabantur:
486 1093 512 1160 3,
521 1093 604 1160 32,6;
629 1093 748 1164 Scipio.
768 1092 913 1164 ..copias
930 1098 995 1148 ante
1040 1107 1144 1162 magna
1171 1093 1200 1146 in
1227 1091 1308 1148 fossis
1335 1091 1592 1162 munitionibusque
1619 1099 1647 1148 st
1672 1094 1798 1153 fluminis

243 1177 362 1233 frontem
379 1183 534 1234 castrorum
552 1178 666 1234 instruit
679 1178 735 1248 (c).
755 1178 897 1234 Domitius
910 1179 994 1250 [tum]
1040 1177 1107 1248 ripis
1124 1192 1274 1248 oppressa.
1289 1178 1387 1234 ..sins
1406 1175 1464 1232 ullo
1483 1179 1598 1233 uulnere
1611 1180 1717 1237 interiit
1730 1184 1795 1252 <c>:

243 1279 352 1334 quoque
382 1264 435 1319 sibi
464 1263 651 1320 dubitandum
684 1279 741 1318 non
771 1265 897 1335 putauit,
927 1266 996 1336 quin
1038 1263 1065 1330 3,
1074 1263 1201 1333 71,(1.)2
1208 1279 1216 1330 ;
1242 1261 1295 1318 hoc
1321 1263 1515 1335 (imperatoris)
1541 1279 1643 1320 nomen
1670 1267 1794 1325 obtinuit

242 1349 385 1419 productIs
404 1349 564 1422 legionibus
581 1349 684 1420 proelio
697 1348 857 1404 deuerteret
869 1350 918 1406 sed
931 1366 996 1406 cum
1040 1346 1212 1420 (Pompeius)
1237 1353 1321 1420 atque
1343 1349 1387 1404 ita
1403 1365 1433 1404 se
1450 1356 1547 1420 postea
1563 1349 1679 1406 solutari
1695 1369 1796 1423 passus

241 1440 314 1490 esset
335 1436 407 1491 inter
430 1437 498 1492 bina
521 1441 612 1492 castra
629 1451 745 1507 campus
764 1436 870 1492 circiter
887 1437 996 1493 milium
1039 1437 1086 1501 esi,
1100 1432 1148 1488 sed
1161 1435 1277 1505 (passus
1289 1434 1544 1506 nequeNp.,·edd.>
1556 1435 1585 1488 in
1597 1435 1695 1492 litteris
1713 1455 1796 1494 uum·

241 1536 375 1591 passuum
394 1522 454 1590 VI,
471 1522 616 1578 Domitius
636 1521 734 1578 castris
752 1521 891 1593 Scipionis
908 1523 995 1578 aciem
1040 1535 1125 1590 quam
1143 1519 1261 1591 (Beryl,·
1278 1537 1349 1591 quas
1360 1537 1396 1583 a:
1412 1521 1486 1592 edd>
1499 1521 1617 1576 scribere
1634 1529 1677 1578 est
1693 1523 1794 1581 solitus

240 1622 320 1660 suom
333 1606 457 1674 subiecit,
474 1607 640 1664 illsauallo
654 1608 701 1678 (c)
715 1623 773 1663 non
784 1608 923 1664 discedere
936 1625 997 1681 per-
1040 1619 1130 1674 neque
1158 1605 1187 1660 in
1218 1604 1341 1662 fascibus
1372 1607 1493 1678 insignis
1519 1607 1629 1662 laureae
1655 1611 1791 1679 praetulit

240 1692 391 1748 seuerauit:
408 1693 435 1761 3,
443 1695 486 1761 37,
496 1694 583 1765 (1.)2;
601 1692 696 1748 subito
707 1693 748 1748 illi
761 1709 797 1748 ex
808 1693 917 1750 insidiis
929 1711 993 1752 eou-
1041 1690 1157 1760 (passus
1174 1697 1231 1759 est,
1254 1690 1304 1747 sed
1321 1692 1457 1763 usquein
1475 1692 1529 1748 litt.
1548 1695 1733 1764 praescribere
1749 1705 1794 1754 est

240 1783 428 1836 surrexerunt.
452 1779 501 1834 sed
520 1780 606 1834 nostri
624 1779 730 1834 fortiter
747 1779 883 1851 impetum
901 1797 996 1838 eorum
1039 1774 1139 1831 solitus
1156 1792 1246 1848 neque
1263 1776 1293 1832 in
1311 1777 1330 1833 f.
1349 1778 1367 1834 l.
1385 1777 1405 1834 1.
1422 1787 1508 1849 praet
1522 1778 1621 1850 Paul).
1639 1787 1670 1836 at
1687 1801 1749 1838 ...:
1766 1786 1794 1851 3,

239 1862 430 1920 tulerunt...
449 1871 532 1936 atque
550 1865 623 1920 uitro
643 1865 765 1920 uniuersi
783 1865 813 1920 in
831 1867 924 1922 hostes
942 1868 993 1922 im·
1038 1861 1120 1928 71,3;
1146 1862 1360 1935 equitatumque
1386 1863 1557 1934 (ΡΟΜΡΘῙΠΒ)
1583 1867 1729 1937 Piiiffliiii
1755 1869 1792 1924 *id

239 1953 336 2020 petum
363 1950 500 2006 fecerunt:
521 1953 548 2019 3,
556 1953 600 2019 37,
610 1953 698 2020 (5,)6;
727 1957 760 2007 ut
787 1953 874 2007 nostri
899 1969 996 2026 perpe.
1037 1945 1223 2002 nouissimum
1240 1964 1341 2021 agmen
1358 1949 1575 2019 demorandum,
1591 1967 1682 2022 neque
1698 1969 1793 2010 conse-

239 2039 303 2088 tuas
330 2036 497 2092 munitiones
524 2040 544 2106 †
571 2037 705 2093 uidebant
732 2038 782 2109 (s,-
808 2039 994 2096 instituebant
1036 2033 1084 2102 qui
1114 2034 1222 2105 potuit,
1250 2034 1326 2105 quod
1355 2034 1480 2090 mulium
1508 2075 1516 2092 .
1542 2076 1549 2091 ·
1573 2077 1580 2092 .
1608 2043 1793 2096 antecesserat

239 2118 328 2184 Paul,-
344 2137 372 2175 u.
395 2121 455 2194 00>
474 2163 482 2178 .
501 2163 507 2178 .
528 2164 545 2192 .,
562 2124 603 2179 ita
620 2123 660 2178 illi
677 2123 807 2180 interiore
825 2125 916 2197 spatio
934 2141 994 2197 per-
1037 2119 1146 2176 (lesem.
1171 2119 1221 2176 sed
1243 2136 1308 2175 cum
1331 2125 1447 2176 uentum
1470 2127 1543 2176 esset
1560 2122 1596 2178 sd
1613 2123 1717 2179 liumen
1736 2125 1792 2182 Ge·

239 2210 338 2276 petuas
365 2207 533 2264 munitiones
559 2209 729 2278 efficiebant,
756 2226 792 2264 ne
815 2250 823 2266 .
847 2250 853 2262 .
877 2250 884 2266 .
907 2212 994 2266 nostri
1037 2213 1376 2275 nusum‚...consecutus
1387 2207 1528 2278 equitatus
1537 2208 1702 2266 nouissimos
1712 2227 1792 2281 proe-

303 2293 378 2362 ipsos
398 2299 510 2365 stergo
527 2295 727 2350 circumuenire
744 2301 865 2366 possent
886 2296 935 2352 sed
952 2295 995 2352 illl
1035 2291 1074 2348 lio
1097 2291 1252 2348 detinebat:
1278 2293 1454 2362 3,75‚(3.)4;
1481 2293 1591 2350 Oaoeari
1613 2295 1650 2350 ad
1678 2296 1790 2352 mucius

238 2377 368 2448 operibus
391 2381 556 2450 uincebant,
584 2380 660 2452 quod
684 2387 712 2436 et
733 2397 850 2438 numero
871 2383 994 2438 militum
1036 2376 1236 2449 deponendos,
1275 2377 1446 2450 stipendium
1485 2381 1618 2436 exercitui
1653 2381 1791 2451 dandum,

238 2464 416 2534 praestabant
438 2473 467 2524 et
491 2508 550 2526 ...
579 2466 714 2522 minorem
740 2468 887 2524 circuitum
910 2467 994 2524 habs-
1038 2463 1127 2519 socioe
1145 2463 1361 2530 confirmandos,
1388 2464 1556 2537 praesidium
1575 2465 1690 2522 urbibus
1707 2467 1789 2523 relin-

238 2548 318 2604 bsnt:
335 2553 362 2619 3,
371 2553 414 2620 44,
425 2553 514 2622 idib:
533 2569 647 2624 nequo.
669 2593 701 2608 ..
726 2553 862 2625 impetum
885 2559 993 2610 nostro·
1036 2548 1179 2620 quendum
1205 2565 1317 2606 necesse
1341 2557 1401 2606 erat
1429 2551 1505 2606 adire
1527 2553 1574 2623 (a)
1599 2553 1790 2624 Apolloniam.

237 2652 300 2691 rum
327 2637 466 2704 tulerunt,
498 2639 651 2710 primisque
677 2637 788 2694 deiectis
816 2638 991 2710 reliqui...
1036 2634 1085 2690 sed
1102 2634 1146 2690 his
1163 2634 1246 2690 rebus
1257 2641 1368 2691 tantum
1380 2636 1513 2709 temperis
1525 2637 1632 2705 tribuit,
1649 2645 1789 2709 quantum

237 2722 297 2778 loco
315 2730 464 2780 cesserunt.
484 2725 532 2779 sed
550 2725 727 2794 insequentes
745 2729 864 2795 nostros,
880 2742 916 2781 ne
932 2727 993 2781 lon·
1037 2725 1097 2775 erat
1125 2721 1286 2793 properanti
1314 2737 1440 2778 neeesse:
1469 2723 1496 2790 3,
1508 2723 1551 2790 78,
1563 2725 1653 2793 (1.)2;
1682 2726 1726 2779 bis
1755 2725 1791 2782 de

237 2807 301 2878 gius
324 2816 567 2881 prosequerentur,
591 2810 671 2866 Sulla
693 2813 845 2866 reuocauit.
871 2816 903 2866 at
919 2852 926 2867 .
945 2853 952 2867 .
971 2829 992 2868 .:
1036 2806 1127 2862 causis
1157 2812 1272 2878 uterque
1302 2823 1398 2862 eorum
1429 2807 1562 2864 celeritati
1588 2808 1732 2878 studebat,
1760 2817 1791 2867 et

237 2894 356 2962 u‚51,2;
380 2897 466 2951 nostri
484 2911 541 2951 nou
559 2896 681 2967 amplius
698 2896 758 2952 XX
776 2897 908 2953 omnibus
926 2903 993 2954 sunt
1035 2891 1093 2946 suis
1119 2896 1152 2947 ui
1169 2897 1242 2949 essai
1259 2893 1365 2950 auxilio
1384 2898 1409 2948 ei
1426 2892 1463 2948 ad
1479 2894 1674 2965 opprimendos
1691 2895 1790 2950 aduer-

237 2979 348 3050 proeliis
373 2980 529 3036 desiderati.
560 2981 608 3038 sed
634 2983 664 3036 iu
691 2983 806 3039 castello
831 3000 913 3040 nemo
939 2985 994 3041 fuit
1036 2977 1123 3033 iarios
1149 2994 1186 3033 ne
1212 2980 1350 3036 occasioni
1373 2981 1420 3050 (ο)
1446 2981 1579 3052 temporis
1602 2979 1718 3036 deesset
1741 2981 1790 3037 ssd

237 3065 352 3120 omnino
375 3066 512 3136 militum,
536 3068 604 3138 quin
630 3069 838 3125 uulneraretur:
856 3072 993 3142 3,os,(2.)
1037 3064 1184 3119 Caesarem
1198 3064 1351 3136 Apollonia
1367 3081 1384 3120 a
1401 3065 1511 3122 derecto
1527 3067 1625 3122 itinere
1642 3071 1789 3136 auerterat,

235 3151 265 3216 3;
289 3157 347 3206 erat
373 3169 484 3208 summa
508 3153 602 3225 inopia
620 3154 726 3227 pabuli.
745 3196 752 3211 .
770 3197 777 3212 .
798 3195 805 3211 .
823 3158 994 3228 cogebantur
1037 3150 1189 3222 Pompeius
1209 3191 1216 3206 .
1234 3195 1240 3208 .
1260 3191 1266 3205 .
1284 3151 1337 3207 iter
1357 3151 1386 3206 in
1408 3151 1602 3207 Macedoniam
1626 3153 1787 3224 expeditum

241 3237 404 3293 ...hordeo
423 3239 563 3311 adaugere
580 3247 665 3312 atque
683 3241 726 3296 his
743 3242 898 3298 rationibus
915 3244 993 3314 equi.
1034 3236 1168 3292 habebat:
1186 3238 1212 3305 3,
1223 3238 1365 3308 79.(1.)2;
1391 3237 1494 3309 quibus
1516 3238 1617 3294 accidit
1633 3239 1729 3307 rebus,
1754 3246 1788 3295 ut

235 3329 327 3378 urum
354 3327 478 3380 tolerare.
501 3326 550 3381 sed
575 3334 724 3399 postquam
747 3345 804 3384 non
828 3330 912 3385 modo
929 3329 992 3385 hor·
1034 3323 1163 3394 pluribus
1192 3323 1300 3378 dimissi
1324 3324 1372 3395 (c)
1395 3323 1541 3380 itineribus
1568 3324 1724 3380 aCoesare
1750 3325 1787 3380 ad

235 3409 319 3464 deum
353 3411 546 3485 pabulumque
577 3413 708 3469 omnibus
742 3413 808 3470 iocis
837 3414 992 3487 herbaeque
1034 3410 1193 3466 Domitium
1211 3416 1241 3466 si
1258 3426 1276 3465 a
1293 3409 1418 3465 D0miii0
1436 3409 1630 3466 adcsessrsm
1648 3409 1727 3464 nulls
1743 3427 1786 3466 rs·

235 3493 376 3566 demebas,
393 3497 442 3553 scd
460 3500 544 3555 etiam
563 3499 639 3554 frons
658 3500 706 3570 <c>
724 3517 759 3556 ex
778 3500 924 3557 arboribus
942 3502 989 3557 de·
1036 3495 1111 3552 tione
1128 3496 1181 3552 iter
1197 3496 1330 3552 conficere
1348 3500 1469 3568 possent
1486 3495 1535 3550 sed
1553 3495 1718 3567 Allobroges

236 3581 360 3651 liciebat,
378 3625 385 3638 .
405 3625 411 3641 .
431 3626 437 3640 .
456 3586 615 3641 conandum
638 3585 692 3641 sibi
717 3585 822 3659 aliquid
839 3587 990 3659 Pompeius
1032 3587 1134 3639 cuncta
1153 3623 1202 3640 ...
1219 3588 1422 3654 exposuerunt:
1435 3582 1461 3650 3,
1472 3583 1514 3649 79,
1524 3583 1569 3652 (5.)
1582 3583 1612 3648 6;
1628 3597 1700 3652 quse
1717 3598 1785 3653 gens

235 3666 271 3722 de
293 3670 436 3741 eruptione
458 3671 644 3727 existimauit:
670 3673 696 3739 3,
705 3673 748 3740 58,
757 3673 860 3740 (3-)b;
883 3673 938 3728 hi.
957 3713 963 3729 .
982 3715 989 3731 .
1032 3669 1129 3739 paucis
1155 3675 1221 3725 ante
1240 3669 1383 3725 mensibus
1401 3668 1476 3724 ultro
1493 3668 1529 3723 ad
1547 3669 1692 3724 Caesarem
1711 3668 1784 3740 legs·

234 3769 290 3808 non
308 3755 398 3810 solum
417 3757 493 3828 apud
509 3758 654 3813 Gaesarem
672 3758 701 3812 in
724 3758 827 3814 honore
837 3764 924 3829 mant,
941 3761 990 3817 sed
1032 3761 1076 3810 tos
1103 3755 1216 3812 mussat
1235 3798 1241 3811 .
1260 3797 1267 3814 .
1287 3797 1293 3812 .
1312 3752 1536 3825 praesidiumque
1558 3754 1595 3810 ab
1612 3770 1645 3808 eo
1662 3755 1786 3810 militum

235 3839 318 3894 etism
349 3841 424 3912 apud
453 3844 603 3898 exercitum
634 3843 690 3899 cari
719 3843 905 3913 habebuntur;
940 3847 989 3904 sed
1031 3840 1155 3912 petierat.
1180 3841 1228 3897 sed
1252 3857 1285 3898 so
1307 3841 1383 3896 fama
1403 3839 1461 3894 iam
1484 3846 1707 3911 praecucurrerat
1736 3842 1783 3912 (c)

234 3923 295 3978 freti
319 3927 440 3982 amicitia
464 3929 589 3984 Caesaris
612 3935 641 3986 et
666 3972 672 3986 .
691 3971 698 3987 .
717 3970 724 3986 .
743 3933 900 4002 arrogantia
923 3932 989 3988 elati
1031 3967 1064 3983 ..
1083 3968 1090 3983 .
1110 3928 1146 3984 de
1163 3928 1267 4000 proelio
1285 3925 1475 3998 Dyrrachino,
1492 3927 1569 3997 qnod
1586 3926 1682 3982 multis
1699 3943 1785 3982 auxe-

234 4008 424 4081 despiciebaut
441 4030 506 4068 suos
524 4015 748 4088 stipendiumque
770 4018 895 4089 equitum
914 4019 988 4075 frau·
1031 4019 1076 4069 rai
1094 4015 1141 4085 <ο>
1169 4014 1303 4086 partibus.
1327 4013 1422 4083 itaque
1444 4011 1652 4068 Androsthenes
1674 4017 1785 4084 praetor

234 4095 341 4151 dabunt
358 4103 386 4153 et
411 4100 543 4170 praedam
570 4145 575 4156 .
601 4143 607 4156 .
631 4143 638 4158 .
665 4103 840 4159 snertebsnt:
868 4107 894 4173 3,
903 4105 986 4174 b9,8;
1030 4100 1130 4157 med
1148 4099 1306 4173 Scipionem
1320 4099 1540 4171 Pompeiumque
1557 4099 1670 4154 nuntios
1688 4099 1785 4168 mittit,

235 4182 350 4251 Caesar,
379 4201 415 4240 ne
443 4187 563 4242 nauibus
593 4188 682 4243 nostri
713 4190 987 4262 circumuenirentur,
1031 4192 1064 4243 ut
1080 4185 1134 4242 sibi
1151 4185 1278 4242 subsidio
1296 4187 1425 4243 ueniant:
1438 4186 1661 4255 s,80,(1.)2(3);
1679 4186 1783 4241 Metro-

234 4268 373 4340 duplieem
408 4287 441 4326 eo
470 4272 531 4328 loeo
560 4273 661 4330 fecerat
684 4275 798 4332 uallum.
832 4318 838 4333 .
866 4318 873 4332 .
902 4318 908 4334 .
939 4278 987 4334 ssd
1030 4272 1133 4345 politae
1159 4273 1315 4344 primo(c>
1335 4272 1500 4330 ...isdem
1522 4272 1641 4343 permoti
1663 4272 1782 4328 rumori-

233 4370 347 4426 operum
378 4358 544 4429 magnitudo
567 4365 595 4415 et
617 4362 761 4417 continens
783 4362 909 4418 omnium
931 4364 987 4420 die·
1029 4358 1084 4414 bus
1106 4365 1201 4430 portas
1226 4359 1387 4415 clauserunt
1409 4374 1560 4429 murosque
1577 4357 1690 4413 armatis
1708 4374 1784 4414 com-

233 4458 295 4496 rum
321 4442 401 4498 labor
418 4484 424 4496 .
443 4485 450 4498 .
469 4485 476 4499 .
495 4444 651 4515 perficiendi
676 4448 798 4518 spatium
816 4465 872 4503 non
889 4449 986 4506 dabat:
1030 4445 1187 4517 plenerunt,
1205 4445 1254 4500 aed
1271 4451 1369 4517 postes
1380 4461 1447 4500 casu
1459 4444 1581 4500 ciuitatis
1594 4443 1782 4515 Gomphensis

232 4529 407 4597 3,63,(3.)4;
442 4547 516 4586 nona
551 4532 675 4588 (lassaris
709 4533 781 4606 legio
808 4541 987 4590 ...castra
1030 4531 1077 4601 (o)
1096 4531 1208 4602 cognito
1292 4537 1387 4603 portas
1404 4535 1586 4602 aperuerunt:
1601 4530 1717 4598 3,81‚1;
1735 4536 1779 4598 ut,

232 4627 264 4667 ec
291 4613 351 4669 loco
369 4619 494 4686 posuit..
517 4658 524 4673 .
549 4623 638 4690 ‚post
660 4623 769 4675 mutato
791 4621 906 4675 consilio
926 4621 985 4692 qui-
1096 4615 1120 4670 si
1138 4616 1250 4686 quando
1267 4617 1335 4688 quid
1352 4617 1502 4689 Pompeius
1520 4616 1627 4672 tardius
1645 4623 1697 4673 aut
1714 4634 1778 4673 con-

232 4697 351 4755 busdam
387 4703 422 4758 de
456 4704 547 4760 causis
583 4705 684 4759 Caesar
713 4705 760 4775 (c)
792 4705 877 4777 paulo
911 4705 986 4760 ultra
1028 4701 1174 4758 sideratius
1201 4703 1316 4772 iaceret,
1348 4705 1433 4759 unius
1462 4719 1521 4758 esse
1550 4703 1693 4774 negotium
1716 4703 1781 4772 diei,

232 4799 297 4839 eum
322 4784 414 4842 locum
437 4793 529 4844 castra
553 4790 711 4860 transtulit,
733 4790 886 4861 paucisque
902 4793 985 4847 inter·
1028 4788 1076 4844 sed
1098 4787 1181 4843 illum
1198 4788 1330 4846 delectari
1347 4790 1462 4862 imperio
1481 4795 1511 4844 et
1528 4790 1686 4846 consulares
1704 4807 1781 4862 prae-

232 4869 323 4925 missis
346 4871 445 4929 diebus
468 4874 565 4930 eadem
585 4877 631 4947 (c)
659 4875 809 4946 Pompeius
831 4892 984 4948 occupaue-
1027 4873 1167 4945 toriosque
1185 4891 1328 4931 seruorum
1347 4875 1448 4932 habere
1467 4891 1584 4931 numero
1601 4877 1736 4934 dicerent:
1755 4879 1781 4948 3,

232 4960 283 5010 rat.
302 4995 308 5010 .
329 4999 334 5011 .
354 4999 360 5012 .
379 4959 427 5014 sed
450 4961 603 5032 isquoque
622 4966 735 5017 mutato
753 4962 868 5018 consilio
950 4980 984 5020 eo
1026 4962 1108 5028 82,3;
1135 4961 1192 5016 scio
1210 4977 1270 5028 me,
1287 4960 1392 5032 inquit,
1410 4978 1498 5032 paene
1514 4962 1705 5020 incredibilem
1722 4981 1781 5020 rem

233 5038 294 5096 loco
315 5052 481 5103 excesserat:
499 5049 687 5119 3,66,(3-)6;
711 5047 759 5102 sed
785 5052 878 5104 tamcn
896 5049 983 5106 nostri
1026 5046 1163 5118 polliceri;
1181 5048 1230 5104 sed
1245 5047 1381 5102 rationem
1393 5048 1499 5104 consilii
1512 5047 1568 5103 mei
1579 5051 1705 5122 accipite,
1724 5070 1780 5126 quo
