3824 5588
137 264 219 324 1805
712 261 759 316 sed
778 263 823 327 (A-
843 265 874 330 s)
892 262 929 331 α)
948 259 1000 337 ββ)
1017 267 1042 316 st
1060 260 1103 336 iii)
1600 267 1682 329 1806

135 427 256 483 firmiore
282 429 376 482 animo
402 429 436 480 in
462 429 596 499 pmellum
622 430 669 500 (c)
693 431 846 501 prodeatis:
863 433 889 501 3,
932 432 1057 486 tentione
1084 435 1194 496 actum,
1221 435 1327 501 quanta
1350 430 1396 501 agi
1417 429 1529 498 debuit,
1554 447 1619 486 curn
1640 430 1684 486 illi

133 514 219 581 86,2;
246 513 319 570 inter
345 515 416 568 duas
443 517 515 570 acies
541 520 654 571 tantum
676 522 735 572 erat
762 518 889 574 relictum
933 518 979 588 (e)
999 517 1114 574 celerem
1132 515 1161 570 in
1179 533 1213 572 ea
1230 532 1260 572 re
1277 516 1433 584 uictoriam,
1449 515 1479 570 bi
1498 517 1544 587 (a)
1563 515 1683 572 salutem

135 599 234 670 spatii,
260 605 293 656 ut
314 600 383 656 sutis
406 607 478 657 esset
503 601 538 657 ad
558 619 726 658 concursum
745 604 890 676 utriusqus
935 619 1016 657 suam
1034 602 1184 658 consistere
1201 601 1467 658 uiderentsedrem
1479 601 1602 658 obtinuit
1613 601 1683 658 an-

136 686 283 741 exercitus.
301 687 350 741 sed
362 687 512 759 Pompeius
523 687 580 743 suis
592 689 777 759 praedixerat,
794 696 827 745 ut
840 691 887 761 (c)
931 704 977 742 sar
1000 704 1152 759 omnesque
1174 705 1221 743 eas
1239 703 1326 744 naues
1344 729 1351 743 .
1371 728 1377 743 .
1396 727 1403 742 .
1421 687 1546 743 incendit
1563 727 1569 743 .
1588 729 1595 743 .
1616 705 1638 744 .:
1656 689 1684 756 3,

137 769 264 826 Caesada
289 773 424 844 impetum
448 774 607 845 exciperent
624 791 695 831 neue
713 776 758 845 (c)
778 791 808 830 se
826 775 886 832 loeo
931 773 1091 842 111,io.)6;
1109 774 1177 829 baec
1194 775 1286 829 insula
1304 773 1413 829 obiecta
1423 772 1609 830 Alexandriae
1621 789 1683 845 por·

133 861 278 912 mouerent
302 859 444 930 aciemque
461 860 520 916 eius
538 859 654 916 distrahi
672 866 844 931 paterentur:
862 865 888 931 3,
931 865 992 914 tum
1016 859 1114 926 efficit3
1141 860 1190 916 sed
1217 875 1234 914 a
1257 858 1445 930 superioribus
1469 859 1595 930 *regibus
1619 900 1625 915 .
1646 901 1683 916 ..

133 942 216 1010 92,1;
234 943 263 996 in
282 959 315 998 eo
332 945 436 1015 proelio
453 963 509 1001 non
528 947 649 1018 amplius
662 947 709 1003 CO
723 948 824 1003 milites
842 948 887 1004 de·
930 945 959 1000 in
977 962 1053 1000 mare
1070 946 1150 1002 iactis
1169 945 1329 1001 molibus..
1345 961 1429 1000 .cum
1447 943 1551 1016 oppido
1568 945 1683 1001 coniun-

133 1027 277 1094 siderauit‚
305 1031 353 1085 sed
372 1031 555 1099 centuriones,
572 1033 657 1087 sortes
675 1035 763 1102 uiros,
780 1035 888 1090 circiter
929 1031 1017 1103 gitur:
1043 1033 1180 1099 3,112,2;
1203 1031 1312 1086 interim
1335 1030 1394 1086 filia
1416 1031 1508 1086 minor
1529 1029 1684 1086 Ptolomaei

133 1113 224 1168 XXX
243 1116 351 1171 amisit:
368 1119 487 1186 3,99,1;
510 1135 545 1173 ex
571 1118 741 1190 Pompeiano
764 1121 886 1177 exercitu
929 1117 1000 1188 regis
1015 1159 1021 1172 .
1035 1157 1041 1171 .
1056 1158 1062 1171 .
1075 1118 1111 1172 ad
1131 1118 1176 1188 (o)
1196 1116 1336 1172 Achillam
1354 1133 1414 1172 sese
1431 1133 1465 1172 ex
1483 1117 1559 1188 regia
1575 1117 1683 1173 traiecit

133 1200 241 1256 circiter
263 1202 340 1256 milia
362 1203 420 1258 XV
444 1205 574 1260 cecidisse
591 1205 773 1276 uidebuntur,
791 1210 839 1264 sed
856 1209 886 1264 in
932 1219 1044 1274 urnaque
1061 1203 1166 1258 bellum
1180 1203 1375 1259 administrare
1386 1204 1485 1274 eoepit
1499 1203 1547 1258 sed
1559 1203 1683 1259 celeriter

134 1286 301 1343 deditionem
330 1295 467 1345 uenerunt
493 1291 614 1362 amplius
642 1293 720 1348 milia
746 1291 886 1350 xxi-111:
930 1296 975 1345 est
998 1291 1070 1344 intcr
1096 1305 1142 1344 eos
1164 1288 1199 1344 de
1223 1289 1380 1360 principatu
1398 1291 1586 1345 controuersia
1603 1297 1681 1347 orta:

131 1373 251 1440 aaa&
278 1376 314 1430 D.
332 1375 444 1430 Laelius
462 1393 526 1432 curn
544 1378 633 1433 classe
650 1371 886 1437 ad'Brundisium
929 1379 956 1445 3,
966 1377 1026 1444 112,
1036 1377 1083 1446 (9.)
1094 1377 1140 1442 10;
1168 1375 1204 1430 N.
1227 1375 1354 1446 Magium
1379 1375 1443 1446 (a),
1466 1375 1582 1446 Pompei
1604 1393 1681 1448 prae·

132 1462 212 1517 uenit
234 1461 385 1532 eademque
408 1463 530 1530 ratione,
547 1481 605 1534 qua
622 1465 727 1520 factum
745 1483 763 1521 a
780 1467 887 1524 Libone
929 1463 1048 1530 fectum,
1066 1459 1242 1532 deprehendi.
1260 1460 1365 1516 scilieet
1377 1461 1462 1531 <Mu
1481 1461 1530 1516 sed
1547 1461 1600 1532 ai.)
1619 1479 1682 1518 meo

131 1553 215 1602 antea
243 1547 511 1618 demonstrauimus,
533 1551 652 1604 insulam
671 1551 807 1608 obiectam
825 1571 886 1625 por-
931 1550 975 1619 (et
997 1564 1058 1604 meo
1076 1547 1121 1609 Mr
1145 1553 1173 1602 et
1190 1547 1239 1601 del.
1257 1546 1351 1617 dion>
1375 1547 1504 1602 instituto
1526 1563 1594 1602 usus
1616 1565 1681 1604 sum

132 1635 175 1688 tui
204 1632 374 1689 Brundisino
396 1635 495 1693 tenuit.
519 1635 645 1708 similiter
670 1637 816 1708 Vatinius,
838 1641 886 1712 qui
929 1639 957 1689 et
979 1651 1043 1689 eum
1066 1634 1161 1688 statim
1185 1633 1302 1688 missum
1324 1632 1391 1688 ieci:
1418 1648 1464 1701 ap.
1491 1632 1547 1689 ce.
1571 1634 1609 1688 ud
1625 1635 1680 1690 Ati.

134 1715 283 1774 Brundisio
306 1726 444 1790 praeerat,
469 1763 475 1776 .
494 1763 501 1776 .
520 1766 526 1779 .
549 1723 659 1795 scaphis
686 1723 783 1780 elicuit
799 1741 886 1782 naues
929 1719 1000 1775 IX?
1015 1719 1083 1787 0‚2;
1101 1718 1169 1791 quid
1186 1719 1269 1790 ergo?
1285 1718 1528 1790 syngraphssenon
1540 1724 1614 1788 suni.
1632 1721 1681 1776 ted

136 1804 282 1860 Laelianas
305 1812 390 1876 atque
414 1847 421 1862 .
440 1848 446 1862 .
465 1808 715 1879 ,quinqueremem
734 1851 741 1865 .
761 1851 767 1865 .
787 1852 794 1867 .
812 1813 886 1884 cepit
929 1807 1001 1877 <non
1021 1806 1108 1861 sunt?
1134 1803 1189 1861 Sed
1207 1803 1278 1875 Np.)
1297 1821 1341 1860 res
1358 1805 1449 1860 aliena
1466 1809 1522 1860 est:
1536 1821 1567 1874 p.
1584 1805 1681 1877 Bithy-

134 1893 255 1964 itemque
279 1935 285 1948 .
305 1934 339 1949 ..
363 1909 437 1965 aqua
462 1893 606 1964 prohibere
631 1895 786 1951 classiarios
808 1898 886 1953 insti-
928 1892 975 1946 nit
992 1909 1036 1961 ap·
1054 1891 1106 1946 Iul·
1124 1890 1271 1958 Rufinian-
1287 1890 1313 1946 8·

134 1979 199 2033 tuit.
226 1978 273 2033 sed
300 1979 412 2034 Laelius
523 1981 654 2035 onerariis
682 1981 804 2037 nauibus
964 1973 996 2052 β)
1021 1977 1150 2046 pracoldl
1172 1977 1333 2032 oraticnem
1359 1977 1405 2044 (et
1426 1977 1517 2032 rediri
1541 1979 1578 2034 ad
1595 1994 1680 2048 supe·

131 2081 234 2136 squam
258 2065 316 2119 suis
343 2065 527 2136 supportabat
543 2082 633 2137 neque
650 2082 668 2121 a
685 2069 824 2140 proposito
840 2068 886 2125 de·
929 2065 1020 2132 ricta,
1040 2065 1079 2119 ad
1097 2063 1308 2132 propositum:
1329 2060 1482 2132 (Haeduos)
1501 2070 1609 2120 coactos
1621 2080 1681 2122 ease

132 2149 302 2206 tenebatur:
332 2152 543 2222 3,100,(1-)3;
573 2156 723 2224 nutusque
751 2170 784 2209 00
813 2155 887 2212 ison
932 2149 1068 2220 Sequania
1086 2147 1195 2204 obsides
1214 2147 1280 2202 dare
1295 2189 1301 2203 ·
1314 2187 1320 2202 ·
1334 2187 1340 2200 ·
1356 2151 1385 2202 et
1401 2147 1461 2202 ium
1479 2148 1597 2206 iurando
1612 2151 1680 2207 etm-

134 2237 218 2292 timor
235 2235 360 2304 incessit,
379 2242 412 2291 ut
430 2277 437 2291 .
456 2279 462 2291 .
483 2279 489 2292 .
508 2238 558 2292 uix
576 2238 710 2309 oppidum
727 2240 887 2299 defendere-
930 2241 1016 2291 telem
1042 2234 1212 2305 0b⁸irissgere
1318 2247 1405 2286 unum
1427 2249 1457 2288 ΒΘ
1473 2250 1534 2290 0⁸³0
1550 2251 1585 2291 ΘΧ
1602 2237 1680 2293 omni

131 2327 188 2390 tur,
205 2327 235 2376 et
252 2321 305 2377 nisi
324 2362 330 2376 .
350 2362 356 2376 .
375 2363 382 2377 .
400 2321 494 2377 nuntii
511 2323 547 2378 de
564 2325 689 2380 Caesaris
709 2326 886 2385 uictoria...
928 2321 1042 2377 <hulleto
1061 2321 1257 2385 Haeduorum,
1282 2320 1329 2391 (iul
1352 2317 1454 2373 adduci
1477 2336 1534 2376 nou
1551 2325 1680 2393 potuerit,

130 2413 223 2464 essent
252 2407 344 2473 allati,
378 2407 575 2465 existimabant
604 2410 727 2483 plerique
759 2413 886 2470 futurum
928 2413 962 2462 ui
987 2407 1090 2462 iuraret
1113 2412 1163 2462 uui
1186 2406 1286 2462 liberm
1313 2421 1379 2460 ³⁰0⁵
1401 2405 1511 2460 obfides
1533 2407 1619 2465 deret
1642 2410 1679 2467 ob

132 2495 228 2561 fuisse,
241 2493 283 2548 uti
296 2494 475 2549 amitteretur.
490 2495 538 2550 sed
552 2497 766 2567 oportunissime
779 2501 886 2556 nuntiis
928 2509 989 2549 eam
1016 2509 1074 2548 rem
1100 2509 1130 2548 ee
1152 2533 1158 2548 .
1183 2533 1191 2547 .
1215 2533 1221 2547 .
1246 2491 1400 2563 profugisse
1426 2496 1454 2545 et
1475 2491 1595 2549 Romam

131 2580 231 2636 adlatis
263 2578 397 2650 oppidum
418 2585 462 2635 est
484 2582 531 2652 (e)
552 2582 709 2637 defensum:
731 2585 884 2657 3,101,(3.t
928 2579 1036 2634 uenisse
1062 2578 1198 2635 auxilium
1227 2575 1437 2648 postulatum..
1461 2617 1468 2632 .
1493 2616 1500 2632 .
1524 2579 1573 2634 sed
1600 2583 1679 2652 peius

129 2670 163 2734 4;
182 2665 284 2720 milites
303 2705 352 2720 ...
371 2665 582 2736 quinqueremes
602 2667 648 2739 (o)
666 2669 753 2737 duas,
770 2672 799 2726 in
817 2689 885 2743 qua.
928 2665 1081 2720 uictoribus
1100 2665 1236 2736 Sequanis
1261 2679 1346 2734 quam
1364 2661 1493 2718 Haeduis
1510 2665 1591 2720 uictis
1609 2667 1679 2723 acci·

129 2771 192 2808 rum
211 2751 300 2807 altera
316 2757 376 2806 erat
393 2752 519 2821 Cassius,
544 2759 689 2824 oeperunt,
706 2756 754 2811 aed
773 2758 885 2815 Cassius
927 2751 1013 2807 disse:
1032 2751 1232 2822 13¹‚(7-)10;
1254 2751 1283 2804 in
1308 2747 1384 2803 omni
1402 2747 1496 2804 Gallia
1517 2766 1612 2808 eorum
1630 2754 1679 2812 bo-

129 2845 265 2910 exceptus
277 2836 380 2908 scapha
393 2838 496 2910 refugit
509 2840 724 2910 <e>:3,101,6;
741 2848 801 2898 erat
812 2845 885 2902 edic·
928 2837 1054 2906 minum,
1082 2839 1130 2908 qui
1159 2837 1252 2908 ⁸¹1q110
1278 2836 1326 2907 (0)
1357 2840 1424 2890 ’ΠΜ
1451 2850 1566 2894 numero
1595 2845 1679 2913 atque

131 2931 192 2982 tum
206 2924 322 2995 Pompei
341 2924 453 2979 nomine
464 2924 627 2996 Amphipoli
641 2928 823 2998 propositum,
840 2932 883 2986 uti
927 2922 1048 2990 bonore,
1073 2939 1172 2994 genera
1197 2929 1264 2979 sunt
1286 2922 1357 2988 duo;
1389 2937 1455 2975 uam
1481 2921 1575 2992 plebes
1592 2943 1679 2997 paens

129 3028 225 3066 omnes
252 3051 258 3066 .
284 3051 291 3066 .
314 3053 320 3065 .
345 3010 465 3065 iuniores
489 3053 495 3065 .
515 3052 521 3067 .
541 3052 547 3066 .
571 3011 681 3066 iurandi
707 3028 793 3069 causa
819 3031 883 3070 con·
928 3024 1073 3064 semorum
1096 3009 1214 3065 babetur
1235 3009 1311 3076 loco,
1338 3022 1410 3078 quae
1431 3007 1501 3062 nibil
1524 3009 1572 3080 (o)
1594 3013 1680 3069 audet

129 3098 265 3152 uenirent.
301 3095 349 3152 sed
390 3101 486 3151 utrum
520 3099 690 3153 auertendae
718 3101 883 3171 suspicionis
927 3095 974 3166 (ο)
1001 3111 1050 3166 per
1074 3111 1119 3163 ec,
1144 3094 1222 3148 nullo
1247 3096 1293 3165 (c)
1317 3093 1466 3149 adhibetur
1489 3094 1603 3151 consilio
1622 3098 1678 3168 (c).

128 3199 214 3238 causa
241 3182 392 3254 Pompeius
425 3183 615 3253 proposuisset
642 3224 648 3235 .
675 3225 681 3238 .
705 3224 711 3237 .
738 3201 774 3239 an
801 3188 883 3242 nouis
927 3221 933 3236 .
962 3221 969 3236 .
997 3221 1003 3235 .
1030 3181 1079 3236 sed
1110 3181 1146 3235 ds
1178 3180 1221 3235 his
1251 3179 1361 3235 duobus
1387 3177 1533 3250 generibus
1560 3181 1677 3240 alterum

128 3268 277 3324 dilectibus
386 3267 581 3323 Macedoniam
610 3273 703 3324 tenere
729 3277 883 3341 conaretur,
925 3273 968 3322 est
991 3267 1136 3334 druidum,
1162 3265 1280 3320 alterum
1306 3265 1445 3336 equitum:
1472 3265 1678 3339 V113‚(1-)a;

128 3355 282 3410 existimari
309 3369 365 3408 non
391 3358 511 3425 poterat:
539 3354 566 3420 3,
576 3354 635 3420 102,
646 3354 729 3423 (2.)3;
756 3356 791 3411 ad
818 3373 883 3412 eum
928 3369 1029 3424 magna
1046 3355 1089 3407 uis
1112 3368 1207 3408 eorum
1232 3355 1368 3420 (urorum)
1391 3357 1433 3405 est
1455 3351 1503 3421 (o)
1526 3357 1555 3408 et
1577 3371 1679 3426 magna

129 3441 351 3506 (Ptolomaeum)
369 3438 518 3510 Pompeius
541 3439 630 3508 misit,
654 3445 686 3494 ut
705 3482 711 3495 .
731 3481 738 3497 .
756 3482 763 3498 .
781 3442 883 3514 recipe·
926 3439 1073 3508 uelocitas,
1090 3454 1179 3509 neque
1198 3438 1243 3508 (o)
1262 3436 1369 3491 lromini
1386 3451 1475 3507 neque
1493 3436 1573 3504 ferae,
1591 3456 1677 3511 quarn

127 3532 203 3581 retur
221 3531 304 3596 atque
316 3525 392 3580 illius
403 3525 502 3595 opibus
513 3525 543 3579 in
555 3525 722 3580 calamitate
736 3531 879 3598 tegeretur.
926 3531 1131 3595 conspexerunt
1149 3524 1210 3594 (c),
1233 3527 1363 3593 parcunt.
1380 3521 1431 3577 bos
1449 3521 1573 3578 studiose
1589 3524 1677 3582 iousls

127 3611 177 3667 ssd
202 3612 252 3682 qui
273 3611 309 3665 ab
331 3626 364 3665 eo
381 3610 458 3664 missi
475 3617 570 3678 erant,
593 3611 718 3666 coniecto
735 3612 882 3685 legationis
925 3615 1022 3680 captos
1048 3609 1225 3665 interficiunt
1250 3609 1303 3663 hoc
1325 3624 1356 3663 se
1378 3607 1472 3662 labore
1488 3607 1593 3666 durant
1609 3612 1677 3667 adu·

128 3697 219 3753 officio
248 3695 363 3751 liberius
392 3711 455 3750 cum
485 3695 621 3751 militibus
648 3697 719 3768 regis
745 3699 875 3770 conloqui
926 3694 1074 3763 lescentes,
1090 3701 1120 3750 et
1137 3695 1186 3765 qui
1203 3693 1337 3765 plurimos
1350 3733 1377 3748 ..
1393 3693 1610 3751 ,interfecerunt
1628 3698 1676 3768 (a)

128 3787 279 3854 coeperunt
297 3822 303 3837 .
322 3821 329 3836 .
349 3799 369 3837 ,ε
387 3782 483 3849 3,103,
494 3781 581 3848 (3.i4;
606 3780 708 3837 Caesar
726 3823 733 3838 .
752 3826 758 3840 .
777 3825 784 3839 .
802 3800 878 3856 repe-
926 3821 933 3835 .
951 3821 958 3836 .
977 3797 1127 3853 .maguam
1145 3781 1239 3834 ferunt
1255 3780 1376 3836 laudern.
1395 3779 1444 3834 sed
1461 3778 1624 3837 adsuescere
1640 3784 1677 3838 ad

128 3869 217 3924 riebat
237 3867 269 3924 Τ.
287 3868 423 3938 Ampium
445 3872 575 3922 conatum
603 3883 663 3922 esse
680 3869 811 3940 pecunias
829 3871 882 3926 tol·
926 3867 1052 3922 homines
1074 3871 1103 3922 et
1120 3865 1294 3921 mansuefieri
1315 3867 1360 3934 (c)
1381 3881 1416 3920 ne
1434 3866 1545 3937 paruuli
1563 3867 1677 3938 quidem

127 3955 183 4009 lere
204 3953 315 4026 Epheso
340 3969 375 4008 ex
399 3953 465 4007 iano
488 3953 609 4021 Dianae,
636 3994 673 4009 ..
702 3995 708 4009 .
733 3955 781 4009 sed
798 3957 882 4011 inter·
925 3952 1033 4025 excepti
1064 3957 1194 4024 possum:
1222 3952 1437 4020 V128,(2-)i;
1466 3952 1551 4007 duces
1581 3954 1677 4010 aduer-

128 4040 265 4112 pellatnm
286 4038 411 4094 aduemu
434 4038 559 4094 Caesaris
587 4039 754 4112 profugisse:
783 4042 881 4112 3,1un‚
926 4038 1060 4094 sariorum
1079 4037 1257 4109 perturbati.
1279 4081 1284 4092 .
1305 4079 1310 4091 .
1329 4036 1365 4092 de
1383 4035 1494 4108 reliquis
1512 4037 1594 4096 rebus
1612 4057 1676 4096 con·

128 4128 158 4193 1;
186 4125 291 4180 Caesar
309 4165 315 4180 .
335 4166 341 4181 .
361 4166 367 4181 .
386 4125 543 4180 coniectans
568 4141 632 4180 eum
657 4125 703 4178 *in
721 4126 881 4198 Aegyptum
925 4125 1079 4181 saltabant.
1101 4129 1160 4180 erat
1181 4139 1269 4178 unum
1296 4122 1361 4190 iter,
1385 4122 1507 4180 Ilerdam
1530 4126 1554 4179 si
1577 4128 1677 4182 reuerti

126 4211 180 4266 iter
196 4209 298 4265 habere
381 4227 445 4265 cum
464 4209 631 4281 (legionibus
649 4210 691 4281 II)
711 4251 761 4266 ...
780 4213 882 4282 equiti·
926 4210 1043 4278 uellent,
1065 4210 1197 4276 alterum,
1215 4209 1239 4264 si
1255 4209 1441 4264 Tarraconem
1459 4215 1589 4281 peterent.
1607 4211 1676 4269 baec

128 4297 237 4368 busque
259 4297 359 4353 Duco
381 4301 410 4351 et
432 4296 552 4351 nauibus
576 4297 666 4367 longis
683 4337 691 4351 .
709 4337 716 4350 .
735 4337 741 4352 .
760 4297 882 4353 Alexan·
924 4297 1134 4352 consiliantibus
1160 4296 1194 4349 iis
1213 4296 1260 4366 (a)
1280 4295 1446 4352 nuntiantur
1467 4303 1613 4368 aquatores
1640 4299 1676 4355 ab

126 4383 216 4438 driam
240 4383 374 4454 peruenit
398 4383 427 4436 in
449 4380 493 4435 bis
517 4386 596 4436 erant
620 4381 776 4452 legionibus
793 4383 882 4438 homi·
923 4383 1048 4454 equitatu
1076 4382 1162 4453 premi
1197 4388 1299 4437 nostro.
1324 4425 1330 4436 .
1357 4424 1362 4435 .
1389 4425 1394 4436 .
1418 4383 1447 4437 in
1473 4383 1516 4437 his
1542 4389 1602 4438 erat
1627 4401 1675 4440 an-

126 4485 195 4524 num
214 4469 293 4523 milia
310 4467 364 4522 tria
381 4467 442 4534 OG;
461 4465 561 4536 reliqui
578 4461 741 4555 uulnqtihus
755 4507 761 4521 .
775 4508 782 4523 .
797 4508 803 4523 .
817 4484 881 4524 con·
923 4469 1022 4539 gustiis
1045 4485 1096 4524 res.
1118 4467 1167 4523 sed
1192 4483 1227 4523 ex
1250 4468 1400 4539 propositis
1421 4469 1542 4524 consiliis
1565 4470 1675 4526 duobus

126 4553 193 4610 fecti
216 4553 347 4624 consequi
371 4567 427 4607 non
450 4557 606 4622 potuerant
628 4552 678 4606 sed
696 4553 798 4607 Caesar
815 4569 881 4609 con·
923 4553 1081 4624 explicitius
1109 4555 1156 4625 (e>
1183 4554 1331 4609 uidebatur
1358 4554 1478 4609 ilerdam
1508 4555 1622 4610 reuerti:
1651 4557 1675 4626 1,

126 4640 194 4695 fisus
225 4639 302 4694 fama
330 4654 422 4693 rerum
452 4643 592 4708 gestarum
624 4637 741 4694 infinuis
767 4639 881 4694 auxiliis
924 4641 980 4706 (73,
994 4641 1172 4707 1.2-›78,3;
1195 4639 1353 4711 (Roucillus
1371 4645 1401 4695 et
1420 4639 1509 4711 Egus)
1532 4640 1567 4695 ad
1592 4641 1675 4697 Pom·

127 4725 265 4798 proficisci
283 4716 768 4794 nondubitauerat:3,10ii,(1-)3;
786 4723 881 4779 Achil·
924 4725 1016 4796 peium
1042 4727 1210 4781 transierunt
1232 4742 1296 4781 cum
1320 4725 1354 4779 iis
1373 4726 1435 4796 (e),
1457 4743 1527 4800 quos
1549 4728 1593 4782 aui
1610 4744 1675 4784 oon·

126 4812 168 4868 las
188 4852 195 4867 .
214 4852 220 4867 .
240 4853 247 4868 .
265 4809 421 4882 occupabat
439 4807 638 4864 Alexandriam
722 4809 812 4879 primo
830 4811 881 4866 im·
923 4810 978 4865 silii
1003 4812 1150 4884 participes
1168 4811 1317 4868 habebant
1334 4827 1404 4882 quos
1422 4811 1583 4884 Pompeius,
1599 4815 1675 4886 quod

125 4904 192 4970 petu
212 4897 327 4952 domum
346 4896 406 4950 eius
420 4894 567 4964 (Caesaris)
578 4894 738 4966 inrumpere
750 4901 880 4962 conatus3
923 4935 930 4950 .
953 4936 988 4952 ..
1014 4903 1122 4968 praeter
1147 4897 1377 4954 cousuetudinem
1403 4898 1553 4969 acciderat,
1581 4900 1675 4956 omnia

126 4983 176 5040 sed
199 4983 302 5039 Caesar
323 4981 465 5053 dispositis
489 4980 621 5051 peruias
644 4980 804 5036 cohortibus
829 4982 881 5036 im·
922 4997 974 5036 sua
1012 4983 1147 5054 praesidia
1181 4983 1369 5038 circumduxit
1396 4989 1481 5056 utque
1515 4986 1675 5044 ostentauit

125 5073 224 5142 petum
247 5069 307 5124 eius
330 5067 474 5122 sustinuit:
492 5067 628 5136 3,111,1;
652 5072 733 5123 tanta
756 5073 800 5122 est
816 5084 880 5122 con·
922 5083 988 5122 nam
1014 5073 1081 5124 ante
1102 5069 1132 5124 id
1155 5074 1264 5141 tempus
1286 5085 1368 5126 nemo
1387 5109 1393 5126 .
1412 5111 1445 5126 ..
1468 5087 1487 5126 a
1503 5072 1621 5128 &asara
1638 5072 1673 5127 ad
