3802 5594
225 230 306 291 2291
906 225 1010 294 (uerna)
1029 239 1095 281 uero
1684 229 1768 289 2292

223 395 367 468 aciemque
384 394 480 466 iniquo
497 377 558 452 loco
576 395 760 463 constituunt,
787 395 889 450 noenia
907 411 973 452 uero
1016 411 1098 468 opere
1123 400 1152 450 et
1173 399 1275 450 natura
1296 394 1350 450 loci
1368 393 1557 450 munitissima
1573 397 1664 450 castra
1682 409 1767 465 expu-

226 480 310 535 etiam
329 480 365 536 de
382 482 428 553 (c)
448 481 524 538 uallo
541 481 666 538 deductis
684 481 796 552 propius
823 479 973 536 accfflunt:
1016 481 1093 552 gnari
1106 496 1185 552 posse
1196 479 1380 536 confidimus?
1398 485 1428 535 at
1441 479 1567 552 (Mariam
1585 483 1636 534 aut
1651 496 1684 541 c;
1696 479 1770 543 edd,-

222 567 304 636 Vbi,
313 568 387 637 (1.)2
394 585 402 635 ;
433 566 555 624 Senones
579 609 585 623 .
610 607 616 622 .
640 607 648 622 .
670 566 853 635 Cauariuum,
891 582 973 638 quem
1016 584 1052 621 au
1079 565 1184 636 lirani)
1213 582 1278 622 uero
1305 566 1373 638 quid
1400 565 1574 638 proficimus,
1600 566 1624 620 si
1656 569 1770 636 accepto

223 652 326 708 Caesar
337 652 413 726 apud
425 669 472 710 eos
485 669 576 726 regem
589 653 778 722 constituerat,
796 692 802 704 .
821 692 827 702 .
841 691 847 704 .
861 651 973 724 expule·
1016 667 1118 724 magno
1135 651 1302 708 detrimento
1326 651 1362 708 ab
1379 651 1588 725 oppugnatione
1613 653 1767 706 castrorum

223 744 296 795 runt
315 779 321 794 .
340 779 347 794 .
365 781 372 795 .
391 743 500 795 tautum
513 740 590 811 apud
601 740 727 795 homines
739 739 871 795 barbaros
883 738 974 794 ualuit
1016 739 1202 796 discedimus?
1226 739 1253 807 2,
1261 740 1303 805 31,
1315 739 1402 812 (2.)3;
1430 738 1626 810 quaeratione
1651 735 1770 809 permoti

222 840 282 881 esee
308 824 415 896 aliquos
442 834 562 898 repertos
589 826 726 898 principes
748 825 883 882 inferendi
907 823 973 880 belli
1015 827 1116 883 milites
1129 826 1225 883 crebro
1238 826 1321 881 etiam
1333 825 1471 880 dicentem
1485 825 1531 895 (c)
1544 823 1769 896 interpellabant,

226 911 273 982 (ο)
293 953 299 966 .
318 951 325 967 .
344 952 369 979 .,
387 916 420 967 ut
437 952 444 966 .
462 956 469 970 .
489 953 496 968 .
514 912 593 967 nulla
616 911 672 968 iere
694 912 793 968 ciuitas
811 911 894 966 fuerit
916 927 971 965 uon
1103 912 1288 969 discedentem
1323 926 1389 967 uero
1417 927 1452 966 ex
1483 911 1611 966 contione
1645 909 1768 964 uniuersi

222 1001 350 1070 suspecta
379 998 467 1054 nobie.
486 1039 492 1054 .
511 1039 518 1054 .
538 1039 545 1054 .
563 997 674 1054 Treueri
707 1014 772 1054 uero
807 1003 892 1070 atque
925 996 972 1052 In·
1014 1001 1201 1066 cohortantur,
1218 1013 1320 1069 magno
1337 997 1486 1062 sitanimo,
1505 996 1606 1066 necubi
1618 996 1665 1067 (c)
1685 995 1768 1051 dubi-

222 1083 395 1140 dutiomarue
413 1085 499 1140 totius
516 1084 615 1140 hiemis
632 1084 742 1140 nullum
760 1089 871 1156 tempus
888 1084 971 1140 inter·
1015 1090 1055 1142 tet
1072 1084 1206 1158 proelium
1219 1084 1403 1140 committere:
1421 1084 1447 1153 2,
1455 1084 1499 1152 33,
1509 1083 1594 1152 (1.)2;
1611 1081 1640 1135 1ιὶ
1659 1081 1695 1136 de
1712 1097 1765 1136 sua

222 1169 365 1240 miserunt,
382 1171 449 1244 quin
467 1178 544 1227 trane
560 1171 689 1227 Rhenum
702 1172 808 1243 legatos
820 1171 970 1236 mitterent,
1013 1173 1103 1228 salute
1119 1172 1330 1244 desperantes..
1342 1185 1437 1226 .euam
1456 1174 1573 1224 mortem
1596 1167 1769 1223 miseraban-

221 1255 348 1312 ciuitatee
377 1257 558 1314 sollicitarent
580 1301 587 1315 .
606 1301 612 1312 .
633 1275 658 1312 .:
679 1257 797 1326 vitta
822 1257 866 1327 -)
890 1257 970 1324 bah
1014 1264 1092 1316 tur..
1111 1299 1118 1315 .
1137 1258 1244 1331 .plena
1270 1261 1348 1313 eraut
1365 1256 1458 1312 omnia
1482 1255 1589 1311 timoris
1611 1253 1768 1322 stinctae.

221 1342 251 1396 hi
270 1343 413 1415 (Sequani)
431 1361 496 1400 cum
523 1360 571 1417 per
588 1361 618 1400 ee
640 1344 733 1399 minus
759 1343 893 1412 ualerem,
911 1385 918 1398 .
938 1384 970 1399 ..
1013 1345 1099 1402 curio
1117 1386 1123 1401 .
1138 1385 1164 1402 ..
1182 1360 1268 1400 unam
1287 1348 1319 1399 ut
1336 1343 1365 1398 in
1383 1341 1489 1398 miseris
1507 1341 1589 1396 rebus
1608 1358 1686 1413 spem
1704 1340 1768 1396 reli-

222 1428 376 1485 Germanos
397 1435 481 1502 atque
505 1431 677 1486 Ariouistum
701 1429 754 1485 sibi
778 1429 972 1497 adiunxerant,
1014 1449 1098 1505 quam
1124 1430 1223 1488 salutis
1249 1445 1309 1486 esse
1334 1429 1483 1484 arbitretur
1512 1428 1654 1500 proximae
1683 1426 1768 1482 colles

221 1531 321 1587 eosque
332 1515 369 1571 ad
382 1531 411 1572 ee
423 1515 532 1588 maguis
544 1516 657 1572 iacturis
669 1515 972 1587 pollicitationibusque
1014 1535 1111 1591 capere
1136 1519 1281 1574 uniuersos
1299 1555 1307 1571 .
1325 1555 1332 1570 .
1351 1555 1358 1570 .
1376 1514 1461 1571 iubet.
1487 1514 1538 1570 hoe
1555 1529 1666 1585 quoque
1688 1529 1768 1584 prae·

221 1600 416 1672 perduxerant
443 1601 553 1674 proeliis
580 1617 646 1658 uero
672 1601 860 1674 compluribus
891 1601 972 1656 factis
1014 1609 1133 1676 occupat
1150 1603 1251 1659 missus
1269 1617 1286 1656 a
1304 1601 1425 1657 Saburra
1443 1601 1592 1672 equitatus.
1621 1604 1683 1655 tum
1701 1616 1768 1655 uero

220 1689 348 1744 secundia
383 1694 467 1759 atque
501 1688 577 1744 omui
612 1687 756 1744 nobilitate
788 1687 970 1744 Haeduorum
1015 1690 1052 1746 ad
1076 1705 1215 1745 summam
1233 1688 1450 1759 desperationem
1473 1687 1560 1742 nostri
1587 1688 1767 1758 perueniunt:

220 1774 365 1830 interiecta
382 1779 493 1830 tantum
511 1763 636 1847 potentia
653 1777 863 1842 antecesserant,
879 1777 931 1828 ut.
947 1814 972 1828 ..
1015 1778 1041 1845 2,
1050 1775 1257 1846 (are-uam
1283 1791 1355 1843 non,
1377 1773 1432 1828 illie
1454 1771 1590 1827 hordeum
1608 1789 1672 1828 cum
1690 1773 1767 1828 dare·

220 1860 332 1917 obsides
351 1901 358 1916 .
376 1901 384 1916 .
402 1860 439 1916 ab
463 1859 496 1915 iis
520 1861 567 1932 (e)
591 1859 748 1932 principum
770 1860 841 1915 iiiios
869 1860 972 1931 accipe
1015 1868 1070 1932 tur,
1087 1878 1144 1917 nou
1163 1861 1305 1933 legumina
1322 1859 1503 1927 recusabant;
1521 1874 1605 1930 pecua
1619 1860 1767 1930 <panicum

220 1951 293 2002 rent:
311 1946 552 2017 vlrs,(a.)e(4);
571 1946 619 2017 qui
641 1946 796 2002 diutissime
816 1945 972 2017 impuberes
1015 1948 1048 2004 R.
1059 1947 1164 2019 slepi.)
1183 1962 1257 2015 uero,
1275 1947 1355 2002 cuiue
1374 1946 1411 2002 rei
1430 1961 1541 2002 summa
1558 1949 1617 2000 erat
1634 1961 1670 2000 ex
1682 1945 1768 2017 Epiro

220 2038 430 2105 permanserrmt
452 2033 605 2092 maximam
628 2034 702 2089 inter
719 2048 783 2088 euos
801 2031 895 2087 suunt
912 2031 973 2087 lau·
1014 2034 1103 2107 copia,
1121 2049 1223 2107 magno
1238 2035 1268 2089 in
1279 2034 1382 2090 honore
1393 2031 1548 2088 habebant:
1566 2032 1592 2100 3,
1601 2032 1683 2100 47,7;
1701 2036 1768 2086 arrte

219 2119 296 2188 dem;
316 2161 322 2174 .
342 2162 348 2175 .
368 2163 374 2174 .
392 2119 466 2176 intra
491 2136 597 2175 annum
624 2134 691 2176 uero
714 2119 877 2175 uicesimum
894 2119 971 2174 femi·
1014 2119 1043 2176 id
1069 2127 1179 2192 tempus
1203 2138 1285 2177 nemo
1304 2161 1310 2175 .
1329 2161 1336 2175 .
1355 2161 1361 2176 .
1380 2136 1397 2174 a
1414 2119 1531 2174 Caesare
1547 2119 1584 2173 ad
1601 2117 1766 2188 Pompeium

220 2221 273 2260 nae
299 2205 429 2261 notitiam
455 2207 587 2263 habuisse
613 2207 642 2261 in
673 2204 839 2277 turpissimis
868 2203 971 2260 habeut
1014 2207 1175 2276 transierat,
1200 2222 1265 2262 cum
1292 2220 1379 2278 paene
1404 2204 1504 2260 cotidie
1530 2220 1547 2259 a
1571 2204 1703 2276 Pompeio
1730 2205 1767 2259 ad

219 2292 315 2349 rebus:
344 2291 538 2364 vlar,(4.)5;
573 2292 671 2350 litteris
690 2335 696 2349 .
717 2333 722 2346 .
743 2334 748 2345 .
767 2291 892 2346 Caesaris
923 2291 969 2362 (c)
1013 2293 1158 2350 Gaesarem
1177 2292 1366 2365 perfugerant,
1392 2291 1479 2362 uulgo
1504 2306 1570 2346 uero
1593 2291 1716 2346 uniuersi
1738 2292 1767 2345 in

219 2377 382 2435 consulibus
408 2378 522 2436 redditis
548 2396 628 2453 aegre
653 2379 690 2435 ab
718 2378 762 2432 hie
791 2378 970 2449 impetratum
1013 2379 1098 2451 Epiro
1115 2385 1200 2452 atque
1218 2378 1327 2435 Aetolia
1344 2376 1492 2447 conscripti
1514 2376 1630 2432 milites:
1654 2377 1680 2446 3,
1688 2378 1768 2444 61,2.

219 2471 261 2522 cst
278 2483 388 2522 summa
405 2466 581 2523 tribunorum
606 2465 695 2539 plebis
721 2464 910 2532 contentione,
937 2467 971 2518 nt
1048 2469 1080 2529 C.
1093 2469 1125 2523 ul
1137 2466 1343 2532 aduersatiuat
1361 2465 1392 2532 a)
1406 2478 1500 2532 neque
1512 2477 1584 2520 uero
1597 2479 1623 2518 a,
1637 2479 1768 2534 neque

218 2554 248 2608 in
266 2558 365 2609 senatu
383 2553 575 2620 redtareutm3
603 2556 636 2608 ut
657 2567 724 2607 uero
747 2567 782 2606 ex
805 2549 905 2606 litteris
932 2549 968 2604 ad
1008 2573 1037 2626 p.
1061 2555 1117 2610 758
1133 2554 1167 2623 δ)
1185 2559 1241 2624 αα)
1258 2554 1288 2623 a)
1306 2551 1409 2619 3,93,2
1427 2549 1469 2620 (et
1487 2550 1533 2621 bl)
1551 2553 1618 2618 etp.
1642 2549 1695 2602 759
1713 2545 1767 2623 ββ)

218 2644 346 2695 senatum
358 2639 502 2695 referretur
515 2638 658 2710 impetrari
669 2654 725 2693 nou
743 2636 847 2709 potuit:
867 2636 968 2706 1,1,1;
1012 2645 1041 2710 (4
1059 2640 1128 2712 loa).

218 2730 277 2782 erat
299 2726 396 2796 iniqua
419 2723 544 2781 condicio
560 2724 713 2796 postulare,
741 2729 774 2779 ut
791 2723 893 2778 Caesar
910 2762 917 2777 .
935 2761 967 2777 ..
1045 2727 1077 2796 b)
1103 2730 1167 2783 tum
1193 2739 1265 2782 nero
1289 2741 1316 2778 u.
1341 2725 1427 2782 tum
1454 2725 1479 2778 1.
1499 2721 1531 2778 Δ.
1555 2723 1585 2792 c)
1610 2717 1643 2797 β)
1667 2724 1720 2796 yy)
1736 2740 1767 2792 p.

219 2811 249 2866 in
266 2811 439 2883 prouinciam
458 2815 648 2878 reuerteretur,
667 2809 759 2881 ipsum
772 2812 800 2864 et
811 2807 968 2880 prouincias
1011 2812 1084 2866 2231
1101 2828 1141 2882 sq.
1159 2813 1190 2881 (8
1202 2812 1240 2880 (9)
1261 2811 1330 2881 loa).

218 2901 247 2953 et
272 2896 392 2968 legiones
414 2898 434 2965 †
457 2896 561 2953 alienas
588 2901 691 2964 tenera
711 2936 718 2952 .
738 2936 744 2952 .
764 2936 770 2950 .
788 2894 912 2967 polliceri
939 2909 968 2950 se
1045 2900 1090 2969 ol:
1114 2899 1215 2955 Caesar
1231 2898 1330 2953 certior
1347 2897 1437 2952 factm
1454 2899 1497 2952 eet
1513 2900 1568 2950 tres
1598 2895 1654 2951 iam
1673 2901 1767 2968 partes

218 2983 247 3038 in
271 2981 444 3053 prouinciam
468 2984 573 3038 iturum
596 2998 686 3054 neque
712 2985 777 3036 ante
793 2997 875 3053 quem
894 2978 968 3036 diem
1010 2985 1152 3057 copiarum
1164 2984 1309 3040 Heluetios
1329 2983 1357 3038 id
1375 2982 1477 3037 flumen
1496 2981 1662 3052 traduxisse,
1681 2999 1764 3055 quar·

219 3069 310 3124 iturus
327 3069 413 3125 ‘esset
436 3069 549 3126 delinire
566 3108 575 3126 .
593 3109 599 3124 .
618 3086 644 3136 .;
671 3073 783 3141 tempus
810 3082 875 3122 uero
902 3081 967 3120 con·
1010 3077 1068 3128 tam
1086 3072 1142 3127 fere
1160 3072 1241 3141 <uero
1259 3066 1291 3144 β;
1317 3069 1414 3140 Schts.)
1439 3075 1546 3140 partem
1564 3067 1634 3124 citra
1659 3067 1764 3124 flumen

218 3153 312 3226 loquio
341 3171 396 3210 nou
423 3155 489 3212 dare
514 3171 603 3228 neque
637 3170 813 3210 accessurum
845 3151 968 3224 polliceri
1011 3158 1121 3212 Ararim
1146 3156 1281 3228 reliquam
1309 3171 1381 3211 esse:
1409 3154 1522 3221 112,2;
1549 3153 1624 3226 quod
1651 3154 1765 3225 reliquis

218 3256 350 3311 magnam
378 3242 453 3313 pacis
471 3241 689 3315 desperationem
707 3240 862 3296 adferebat:
892 3241 916 3308 l,
925 3239 968 3306 11,
1010 3247 1104 3299 umen
1132 3243 1179 3314 (e)
1211 3242 1294 3314 iugae
1323 3241 1442 3297 facultas
1474 3241 1599 3308 daretur,
1629 3239 1765 3311 Sequanis

219 3326 326 3397 (1-)3;
356 3327 445 3382 latum
474 3327 510 3384 ab
538 3329 568 3384 X
594 3327 715 3384 tribunis
749 3325 838 3399 plebis
872 3330 968 3382 contra
1010 3346 1089 3398 uero,
1111 3329 1160 3401 qui
1182 3329 1256 3383 iutra
1282 3328 1350 3384 lines
1367 3343 1432 3382 suos
1449 3326 1622 3382 Ariouistum
1650 3327 1766 3398 recepis-

218 3412 375 3468 dioentibus
393 3413 522 3483 inimicis,
540 3415 646 3471 Catone
663 3430 729 3470 uero
747 3412 878 3469 acerrime
887 3427 967 3483 repu-
1009 3422 1080 3484 sent,
1099 3457 1105 3472 .
1124 3457 1131 3471 .
1150 3457 1157 3470 .
1175 3430 1271 3470 omnes
1288 3415 1427 3469 cruciatus
1444 3418 1536 3468 essent
1553 3409 1721 3484 perferendi:
1749 3413 1764 3467 1

219 3503 323 3570 gnante
340 3503 368 3555 et
385 3500 501 3571 pristina
528 3500 728 3557 musnetudiue
754 3498 863 3555 dicendi
890 3514 968 3553 mora
1010 3505 1090 3572 32‚5;
1117 3501 1165 3558 ubi
1181 3501 1339 3558 ...turrim
1360 3499 1406 3570 (e)
1424 3498 1521 3570 procul
1539 3499 1671 3553 constitui
1689 3498 1765 3553 uide-

218 3583 275 3640 dies
293 3586 455 3643 extrahente
467 3587 609 3657 <catonem
629 3628 636 3644 .
654 3628 662 3644 .
681 3628 687 3642 .
706 3589 966 3660 repugnantem...
1010 3594 1086 3658 runt,
1103 3589 1225 3661 primum
1244 3585 1361 3641 inridere
1373 3626 1380 3640 .
1391 3625 1397 3640 .
1408 3626 1425 3654 .,
1436 3584 1512 3657 quod
1530 3589 1612 3640 tanta
1623 3585 1765 3640 machina-

216 3672 404 3728 extraheutem
418 3671 967 3745 Oe>,ut:1,32,3;acprimohirauiaui
1011 3679 1049 3732 tlo
1074 3692 1092 3730 a
1120 3675 1165 3746 (e)
1194 3677 1272 3728 muto
1297 3672 1388 3744 apatlo
1419 3671 1600 3727 instrueretur
1626 3671 1683 3742 <>.
1703 3711 1710 3726 .
1728 3711 1764 3726 ..

218 3757 321 3813 milites
339 3758 448 3814 uisendi
465 3775 550 3814 musa
568 3759 633 3816 laeti
651 3775 687 3814 ex
705 3758 801 3815 omns
828 3772 968 3830 procurre·
1011 3762 1143 3818 abluero
1155 3758 1260 3817 moueri
1277 3762 1305 3814 ct
1315 3757 1536 3830 adpropinquare
1560 3757 1703 3814 moenibus
1716 3759 1764 3830 (a)

219 3843 298 3899 bant
317 3885 324 3900 .
343 3884 350 3900 .
370 3884 377 3901 .
394 3844 478 3900 duces
505 3859 571 3900 uero
597 3861 693 3901 comm
719 3843 865 3900 consilium
884 3861 967 3899 suum
1011 3847 1151 3916 uiderunt,
1256 3845 1362 3915 lagatos
1381 3885 1388 3900 .
1406 3884 1413 3899 .
1433 3883 1439 3899 .
1457 3843 1492 3899 de
1518 3861 1587 3915 pace
1613 3845 1763 3900 miseruut:

222 3927 353 3984 laudibus
379 3929 519 3999 terebant,
546 3931 619 4003 quod
638 3947 668 3986 ae
686 3930 733 4002 (e)
752 3931 848 3986 castris
866 3931 968 3986 tenuis·
1013 3934 1043 3990 ΙΙ
1054 3935 1108 4006 (30,
1116 3936 1177 4001 3-)
1187 3932 1270 4002 31,1;
1296 3946 1416 4002 quorum
1433 3930 1556 3987 aduentu
1580 3946 1764 4003 magnacum

216 4019 290 4070 sent:
309 4018 334 4084 1,
344 4018 386 4084 63,
396 4016 443 4088 (1.)
453 4017 482 4084 2;
500 4017 552 4073 hoc
570 4017 716 4074 consilium
728 4017 854 4072 Caesaris
872 4016 967 4088 pleris-
1012 4021 1179 4078 anctoritate
1195 4024 1224 4075 et
1235 4033 1339 4089 magua
1350 4032 1414 4072 cum
1425 4017 1570 4072 homiuum
1585 4016 1765 4072 multitudiue

216 4117 271 4172 que
300 4117 355 4155 non
382 4101 564 4172 probabatur;
592 4104 669 4174 <post
695 4103 767 4159 ucrh
797 4102 968 4175 probabatur
1011 4107 1115 4164 bellum
1133 4121 1225 4178 gerere
1250 4107 1392 4160 conantur.
1419 4102 1504 4158 duces
1527 4119 1592 4159 uero
1614 4104 1634 4158 ii
1653 4103 1699 4174 (e)
1717 4103 1764 4158 de·

216 4187 350 4256 quosdam
379 4188 551 4244 intermittere
579 4189 719 4246 mutirent
745 4179 834 4262 Paul)
866 4189 968 4244 milites
1011 4194 1144 4266 ligantur,
1162 4192 1209 4265 qul
1228 4208 1285 4246 una
1302 4206 1366 4246 cum
1382 4189 1657 4258 QSertorioomuee
1674 4205 1763 4244 annos

216 4289 281 4329 uero
299 4273 391 4345 palam
410 4275 481 4330 inter
498 4291 527 4331 ee
544 4275 738 4347 loquebantur,
755 4275 887 4347 quoniam
903 4275 967 4330 talis
1011 4279 1132 4334 fueraut:
1150 4278 1198 4333 III
1208 4279 1254 4347 23,
1264 4279 1310 4346 (i.)
1320 4278 1349 4344 b;
1368 4279 1524 4347 pugnatum
1536 4279 1579 4330 eet
1591 4275 1627 4330 ab
1639 4275 1765 4346 utrisque

218 4360 326 4416 occasio
345 4360 476 4416 uictoriae
493 4359 687 4434 dimitteretur,
704 4364 788 4419 etiam
806 4379 870 4418 cum
884 4361 968 4418 uellet
1009 4364 1115 4420 acriter.
1135 4365 1221 4420 nostri
1238 4370 1347 4431 muron,
1368 4361 1443 4433 quod
1464 4376 1553 4432 neque
1579 4360 1690 4416 ordines
1708 4378 1763 4416 ser·

218 4447 328 4513 Caesar,
347 4463 407 4503 sese
424 4464 479 4503 non
498 4464 558 4504 esee
569 4454 753 4522 pugnaturos:
774 4448 890 4518 1,tt,4;
908 4464 967 4521 per·
1010 4465 1076 4506 uara
1094 4491 1101 4506 .
1120 4491 1127 4506 .
1146 4491 1153 4506 .
1171 4466 1260 4523 noque
1286 4449 1367 4521 signa
1393 4445 1525 4518 subsequi
1548 4451 1677 4519 poterant
1694 4489 1701 4502 .
1720 4489 1726 4503 .
1746 4488 1763 4517 .,

215 4549 311 4604 pessos
330 4536 379 4602 (se)
400 4535 525 4589 omnium
543 4551 634 4592 rerum
652 4536 791 4608 inopiam
809 4551 885 4590 nunc
902 4549 968 4589 uero
1009 4552 1177 4609 magnopere
1188 4533 1492 4608 perturbabantur<c>;
1505 4532 1598 4589 hostes
1610 4549 1675 4589 uero
1689 4535 1763 4590 notis

215 4635 303 4690 paene
332 4623 367 4674 ut
395 4619 467 4675 feras
494 4622 541 4692 (a)
572 4622 800 4678 circummunitos
829 4618 967 4692 prohiberi
1009 4621 1139 4678 omnibus
1157 4621 1246 4690 uadis,
1263 4620 1312 4676 ubi
1331 4635 1366 4675 ex
1383 4618 1464 4675 litore
1481 4619 1588 4691 aliquos
1607 4619 1763 4693 singulares

216 4722 298 4778 aque,
330 4704 468 4776 prohiberi
487 4707 625 4779 lugreeem
645 4707 760 4777 1,as,4;
778 4706 842 4762 illae
859 4705 966 4776 (naues)
1009 4724 1043 4764 ex
1061 4709 1129 4762 naui
1148 4708 1194 4779 (a)
1213 4706 1381 4778 egredientes
1399 4710 1614 4777 conspexerant,
1640 4706 1762 4762 incitatis

216 4792 285 4847 adeo
302 4792 424 4864 grauiter
441 4791 512 4847 inter
530 4809 559 4848 ee
576 4793 707 4849 incitatae
724 4793 916 4859 conflixenmt,
934 4797 966 4846 ut
1009 4793 1087 4866 equis
1104 4791 1253 4864 immites
1271 4791 1544 4849 adoriebantur
1563 4792 1607 4848 1v
1618 4793 1662 4862 26,
1676 4794 1762 4862 (iii,

216 4877 456 4934 uehementissime
485 4883 603 4950 utraque
631 4896 666 4935 ex
695 4895 831 4936 concursu
860 4877 967 4933 labora-
1010 4882 1148 4951 (magnam
1156 4883 1262 4952 partem
1273 4878 1531 4949 equnnnadenm
1539 4879 1763 4951 (Dumnorigem)

215 4968 293 5033 rent,
322 4963 411 5020 altera
438 4981 505 5020 uero
532 4965 684 5036 praefracto
714 4965 761 5037 (a)
790 4967 879 5020 rostro
907 4969 967 5020 tcta
1009 4965 1210 5037 insequendum
1227 4965 1314 5020 mittit
1334 4965 1380 5036 (a)
1393 4964 1549 5037 retrahique
1565 4966 1682 5038 imperat
1700 4966 1762 5036 <e>3

215 5049 418 5106 conlabeiieret:
459 5051 485 5119 2,
499 5053 526 5120 6,
539 5052 568 5117 5;
611 5067 668 5122 qua
798 5050 900 5106 fiducia
938 5055 968 5106 et
1009 5051 1110 5106 einim
1128 5052 1211 5108 iaciat
1228 5067 1318 5124 neque
1334 5057 1447 5123 pareat,
1466 5051 1580 5108 interfici
1598 5051 1682 5108 iubet.
1701 5093 1707 5107 .
1727 5090 1759 5106 ..
